trade_time,price,quantity,is_buyer_maker
2025-09-28 22:40:14.539,110312.18,0.00012,True
2025-09-28 22:40:14.604,110312.19,9e-05,False
2025-09-28 22:40:15.953,110312.18,0.00162,True
2025-09-28 22:40:17.501,110312.18,0.00111,True
2025-09-28 22:40:19.014,110312.18,0.00088,True
2025-09-28 22:40:19.082,110312.18,0.00045,True
2025-09-28 22:40:19.100,110312.18,0.00363,True
2025-09-28 22:40:19.610,110312.18,0.00417,True
2025-09-28 22:40:19.736,110312.19,0.0893,False
2025-09-28 22:40:20.867,110312.19,0.00184,False
2025-09-28 22:40:21.023,110312.18,0.00012,True
2025-09-28 22:40:21.314,110312.19,0.00104,False
2025-09-28 22:40:21.414,110312.18,0.00112,True
2025-09-28 22:40:21.568,110312.18,0.001,True
2025-09-28 22:40:22.564,110312.19,0.00016,False
2025-09-28 22:40:22.582,110312.18,0.0009,True
2025-09-28 22:40:22.601,110312.18,0.00011,True
2025-09-28 22:40:24.779,110312.18,0.00184,True
2025-09-28 22:40:26.002,110312.18,0.00024,True
2025-09-28 22:40:26.234,110312.18,0.00363,True
2025-09-28 22:40:27.954,110312.18,0.06162,True
2025-09-28 22:40:28.405,110312.18,0.00028,True
2025-09-28 22:40:28.588,110312.18,0.00066,True
2025-09-28 22:40:28.998,110312.19,0.00034,False
2025-09-28 22:40:29.462,110312.19,0.0009,False
2025-09-28 22:40:29.563,110312.18,0.00017,True
2025-09-28 22:40:29.791,110312.19,0.08533,False
2025-09-28 22:40:29.977,110312.18,0.00066,True
2025-09-28 22:40:30.074,110312.18,0.00019,True
2025-09-28 22:40:30.161,110312.18,0.02704,True
2025-09-28 22:40:30.573,110312.19,0.0196,False
2025-09-28 22:40:30.617,110312.18,0.01,True
2025-09-28 22:40:30.674,110312.19,0.00459,False
2025-09-28 22:40:30.890,110312.19,8e-05,False
2025-09-28 22:40:31.094,110312.18,0.00453,True
2025-09-28 22:40:31.240,110312.19,0.00039,False
2025-09-28 22:40:31.574,110312.18,0.00033,True
2025-09-28 22:40:32.082,110312.18,0.00057,True
2025-09-28 22:40:32.944,110312.18,0.00258,True
2025-09-28 22:40:33.688,110312.18,0.001,True
2025-09-28 22:40:33.907,110312.18,0.00696,True
2025-09-28 22:40:34.574,110312.18,9e-05,True
2025-09-28 22:40:35.031,110312.19,0.00033,False
2025-09-28 22:40:35.422,110312.19,0.00019,False
2025-09-28 22:40:35.494,110312.19,7e-05,False
2025-09-28 22:40:35.982,110312.19,0.00019,False
2025-09-28 22:40:36.114,110312.19,0.0001,False
2025-09-28 22:40:36.409,110312.18,0.0006,True
2025-09-28 22:40:36.514,110312.18,0.00308,True
2025-09-28 22:40:36.527,110312.19,0.02901,False
2025-09-28 22:40:36.567,110312.19,0.00011,False
2025-09-28 22:40:36.661,110312.19,7e-05,False
2025-09-28 22:40:36.829,110312.19,4e-05,False
2025-09-28 22:40:36.888,110312.19,0.0001,False
2025-09-28 22:40:37.032,110312.19,0.0001,False
2025-09-28 22:40:37.214,110312.19,0.00028,False
2025-09-28 22:40:37.314,110312.19,0.0001,False
2025-09-28 22:40:37.402,110312.18,0.00066,True
2025-09-28 22:40:37.479,110312.19,0.00019,False
2025-09-28 22:40:37.579,110312.19,0.0001,False
2025-09-28 22:40:37.588,110312.19,0.00014,False
2025-09-28 22:40:37.645,110312.19,0.00019,False
2025-09-28 22:40:37.988,110312.19,0.00086,False
2025-09-28 22:40:37.990,110312.19,0.00028,False
2025-09-28 22:40:37.994,110312.19,0.0001,False
2025-09-28 22:40:38.011,110312.19,7e-05,False
2025-09-28 22:40:38.464,110312.19,0.00051,False
2025-09-28 22:40:38.673,110312.18,0.00014,True
2025-09-28 22:40:38.722,110312.18,0.0004,True
2025-09-28 22:40:39.243,110312.18,0.00033,True
2025-09-28 22:40:39.341,110312.19,0.00053,False
2025-09-28 22:40:40.488,110312.19,0.00023,False
2025-09-28 22:40:40.707,110312.19,0.00049,False
2025-09-28 22:40:41.176,110312.18,0.0005,True
2025-09-28 22:40:41.282,110312.18,0.00011,True
2025-09-28 22:40:42.162,110312.18,0.52938,True
2025-09-28 22:40:42.163,110312.18,0.16104,True
2025-09-28 22:40:42.163,110312.18,0.48634,True
2025-09-28 22:40:42.163,110312.18,0.56271,True
2025-09-28 22:40:42.163,110312.18,0.1344,True
2025-09-28 22:40:42.163,110312.18,0.48634,True
2025-09-28 22:40:42.163,110312.18,0.01613,True
2025-09-28 22:40:42.163,110312.17,0.0006,True
2025-09-28 22:40:42.163,110312.16,0.0001,True
2025-09-28 22:40:42.163,110312.11,0.0001,True
2025-09-28 22:40:42.163,110312.08,0.0001,True
2025-09-28 22:40:42.163,110311.88,0.00015,True
2025-09-28 22:40:42.163,110311.87,5e-05,True
2025-09-28 22:40:42.163,110311.86,0.0001,True
2025-09-28 22:40:42.163,110311.26,0.00015,True
2025-09-28 22:40:42.165,110310.53,0.00091,True
2025-09-28 22:40:42.165,110310.52,0.00045,True
2025-09-28 22:40:42.165,110310.51,0.0001,True
2025-09-28 22:40:42.165,110310.33,0.00015,True
2025-09-28 22:40:42.165,110310.32,0.11192,True
2025-09-28 22:40:42.165,110310.06,0.00015,True
2025-09-28 22:40:42.165,110309.99,0.0001,True
2025-09-28 22:40:42.165,110309.97,0.00015,True
2025-09-28 22:40:42.165,110309.96,0.0001,True
2025-09-28 22:40:42.165,110309.77,0.00025,True
2025-09-28 22:40:42.165,110308.86,0.00015,True
2025-09-28 22:40:42.165,110308.85,0.0002,True
2025-09-28 22:40:42.175,110308.85,0.00045,True
2025-09-28 22:40:42.175,110308.85,0.00045,True
2025-09-28 22:40:42.175,110308.85,0.00025,True
2025-09-28 22:40:42.175,110308.84,0.0002,True
2025-09-28 22:40:42.175,110308.84,0.00045,True
2025-09-28 22:40:42.176,110308.85,0.0009,True
2025-09-28 22:40:42.176,110308.84,0.00095,True
2025-09-28 22:40:42.176,110306.92,0.00025,True
2025-09-28 22:40:42.176,110306.63,5e-05,True
2025-09-28 22:40:42.176,110306.05,0.00015,True
2025-09-28 22:40:42.176,110306.04,0.00015,True
2025-09-28 22:40:42.245,110306.03,0.00227,True
2025-09-28 22:40:42.245,110306.02,0.0008,True
2025-09-28 22:40:42.245,110306.01,0.0001,True
2025-09-28 22:40:42.245,110305.83,0.0001,True
2025-09-28 22:40:42.277,110305.29,0.02413,True
2025-09-28 22:40:42.277,110305.28,0.001,True
2025-09-28 22:40:42.277,110305.14,0.00015,True
2025-09-28 22:40:42.277,110304.99,0.0001,True
2025-09-28 22:40:42.277,110304.94,0.00015,True
2025-09-28 22:40:42.511,110303.18,0.00031,False
2025-09-28 22:40:42.529,110303.17,0.00105,True
2025-09-28 22:40:42.529,110303.16,0.00085,True
2025-09-28 22:40:42.529,110303.15,0.0001,True
2025-09-28 22:40:42.529,110303.12,5e-05,True
2025-09-28 22:40:42.529,110302.0,0.00015,True
2025-09-28 22:40:42.529,110301.44,0.0001,True
2025-09-28 22:40:42.529,110301.14,0.0033,True
2025-09-28 22:40:42.529,110301.13,0.0001,True
2025-09-28 22:40:42.529,110301.12,5e-05,True
2025-09-28 22:40:42.529,110300.99,5e-05,True
2025-09-28 22:40:42.529,110300.82,0.0001,True
2025-09-28 22:40:42.529,110300.25,0.00015,True
2025-09-28 22:40:42.531,110300.24,0.03636,True
2025-09-28 22:40:42.531,110300.23,0.0001,True
2025-09-28 22:40:42.531,110300.0,5e-05,True
2025-09-28 22:40:42.531,110299.99,0.0001,True
2025-09-28 22:40:42.531,110299.84,5e-05,True
2025-09-28 22:40:42.632,110298.59,0.0013,True
2025-09-28 22:40:42.632,110298.58,0.0009,True
2025-09-28 22:40:42.632,110298.57,0.0001,True
2025-09-28 22:40:42.632,110298.01,0.00015,True
2025-09-28 22:40:42.632,110297.32,0.0001,True
2025-09-28 22:40:42.632,110296.56,5e-05,True
2025-09-28 22:40:42.632,110296.0,0.0005,True
2025-09-28 22:40:42.632,110295.99,0.0001,True
2025-09-28 22:40:42.632,110295.96,0.00012,True
2025-09-28 22:40:42.632,110295.6,5e-05,True
2025-09-28 22:40:42.864,110295.1,0.00014,False
2025-09-28 22:40:43.206,110295.1,0.00053,False
2025-09-28 22:40:43.293,110295.09,0.00922,True
2025-09-28 22:40:43.293,110295.08,0.0009,True
2025-09-28 22:40:43.293,110295.07,0.0001,True
2025-09-28 22:40:43.293,110295.0,0.0005,True
2025-09-28 22:40:43.293,110294.99,0.0002,True
2025-09-28 22:40:43.293,110294.62,0.0001,True
2025-09-28 22:40:43.293,110294.0,0.0005,True
2025-09-28 22:40:43.293,110293.99,0.0001,True
2025-09-28 22:40:43.293,110293.28,5e-05,True
2025-09-28 22:40:43.293,110293.0,0.0005,True
2025-09-28 22:40:43.293,110292.99,0.0001,True
2025-09-28 22:40:43.293,110292.23,5e-05,True
2025-09-28 22:40:43.293,110292.0,0.0005,True
2025-09-28 22:40:43.293,110291.0,0.0005,True
2025-09-28 22:40:43.293,110290.48,0.0001,True
2025-09-28 22:40:43.293,110290.09,5e-05,True
2025-09-28 22:40:43.293,110290.0,0.00055,True
2025-09-28 22:40:43.293,110289.99,0.0001,True
2025-09-28 22:40:43.293,110289.32,0.00022,True
2025-09-28 22:40:43.293,110289.0,0.0005,True
2025-09-28 22:40:43.293,110288.61,0.00015,True
2025-09-28 22:40:43.293,110288.0,0.0005,True
2025-09-28 22:40:43.293,110287.6,0.00025,True
2025-09-28 22:40:43.293,110287.36,5e-05,True
2025-09-28 22:40:43.293,110287.33,5e-05,True
2025-09-28 22:40:43.297,110287.0,5e-05,True
2025-09-28 22:40:44.088,110287.01,0.0001,False
2025-09-28 22:40:44.189,110287.01,0.0001,False
2025-09-28 22:40:44.200,110287.01,7e-05,False
2025-09-28 22:40:44.216,110287.01,0.00028,False
2025-09-28 22:40:44.378,110287.01,0.0001,False
2025-09-28 22:40:44.433,110287.01,0.0001,False
2025-09-28 22:40:44.617,110287.01,0.00011,False
2025-09-28 22:40:44.708,110287.01,0.0005,False
2025-09-28 22:40:45.026,110287.01,9e-05,False
2025-09-28 22:40:45.614,110287.0,0.00042,True
2025-09-28 22:40:45.865,110287.01,0.00094,False
2025-09-28 22:40:45.910,110287.01,0.00453,False
2025-09-28 22:40:46.241,110287.01,0.0002,False
2025-09-28 22:40:46.581,110287.01,0.0002,False
2025-09-28 22:40:46.592,110287.01,0.00033,False
2025-09-28 22:40:47.083,110287.01,0.00031,False
2025-09-28 22:40:49.028,110287.01,0.01115,False
2025-09-28 22:40:49.093,110287.01,0.00138,False
2025-09-28 22:40:49.215,110287.01,0.00155,False
2025-09-28 22:40:49.735,110287.01,0.00024,False
2025-09-28 22:40:49.817,110287.0,8e-05,True
2025-09-28 22:40:50.401,110287.0,0.0021,True
2025-09-28 22:40:50.627,110287.0,0.00033,True
2025-09-28 22:40:50.877,110287.01,0.01409,False
2025-09-28 22:40:50.877,110287.02,0.00055,False
2025-09-28 22:40:50.877,110287.03,0.0001,False
2025-09-28 22:40:50.877,110288.17,0.00015,False
2025-09-28 22:40:50.877,110288.66,0.00101,False
2025-09-28 22:40:50.877,110288.67,0.0001,False
2025-09-28 22:40:50.877,110288.94,5e-05,False
2025-09-28 22:40:50.877,110290.48,5e-05,False
2025-09-28 22:40:50.877,110291.02,0.0001,False
2025-09-28 22:40:50.877,110291.13,0.0002,False
2025-09-28 22:40:50.880,110291.14,0.00354,False
2025-09-28 22:40:50.896,110291.14,0.0017,True
2025-09-28 22:40:50.993,110291.14,0.00011,True
2025-09-28 22:40:51.324,110291.15,0.00015,False
2025-09-28 22:40:52.849,110291.15,9e-05,False
2025-09-28 22:40:52.859,110291.15,9e-05,False
2025-09-28 22:40:53.029,110291.15,9e-05,False
2025-09-28 22:40:53.211,110291.15,9e-05,False
2025-09-28 22:40:53.303,110291.15,0.0027,False
2025-09-28 22:40:53.323,110291.15,0.00956,False
2025-09-28 22:40:53.473,110291.14,9e-05,True
2025-09-28 22:40:53.476,110291.15,0.00027,False
2025-09-28 22:40:53.576,110291.15,0.00549,False
2025-09-28 22:40:53.618,110291.15,0.00027,False
2025-09-28 22:40:53.682,110291.15,0.00027,False
2025-09-28 22:40:53.783,110291.15,9e-05,False
2025-09-28 22:40:54.111,110291.15,0.00013,False
2025-09-28 22:40:54.129,110291.15,0.00013,False
2025-09-28 22:40:54.263,110291.15,9e-05,False
2025-09-28 22:40:54.420,110291.15,0.00027,False
2025-09-28 22:40:54.448,110291.15,0.0001,False
2025-09-28 22:40:54.724,110291.15,0.0002,False
2025-09-28 22:40:54.769,110291.15,0.00054,False
2025-09-28 22:40:54.911,110291.15,0.00013,False
2025-09-28 22:40:54.918,110291.15,0.00054,False
2025-09-28 22:40:55.017,110291.15,0.00095,False
2025-09-28 22:40:55.062,110291.15,0.00135,False
2025-09-28 22:40:55.225,110291.15,0.00054,False
2025-09-28 22:40:55.262,110291.14,0.00386,True
2025-09-28 22:40:55.407,110291.15,9e-05,False
2025-09-28 22:40:55.430,110291.15,0.0001,False
2025-09-28 22:40:55.572,110291.15,0.00027,False
2025-09-28 22:40:55.721,110291.15,0.0001,False
2025-09-28 22:40:55.894,110291.14,0.0006,True
2025-09-28 22:40:55.916,110291.15,9e-05,False
2025-09-28 22:40:55.922,110291.15,0.00079,False
2025-09-28 22:40:55.937,110291.15,0.0001,False
2025-09-28 22:40:55.961,110291.15,0.00081,False
2025-09-28 22:40:56.002,110291.15,0.01342,False
2025-09-28 22:40:56.076,110291.15,0.00017,False
2025-09-28 22:40:56.091,110291.15,0.00108,False
2025-09-28 22:40:56.242,110291.15,9e-05,False
2025-09-28 22:40:56.290,110291.15,0.0001,False
2025-09-28 22:40:56.409,110291.15,0.00018,False
2025-09-28 22:40:56.444,110291.15,0.00027,False
2025-09-28 22:40:56.462,110291.14,0.00024,True
2025-09-28 22:40:56.534,110291.14,0.00075,True
2025-09-28 22:40:56.591,110291.15,0.00027,False
2025-09-28 22:40:56.601,110291.15,0.00032,False
2025-09-28 22:40:56.775,110291.15,0.0001,False
2025-09-28 22:40:56.948,110291.15,0.00027,False
2025-09-28 22:40:57.503,110291.15,9e-05,False
2025-09-28 22:40:57.644,110291.15,0.00016,False
2025-09-28 22:40:57.825,110291.15,9e-05,False
2025-09-28 22:40:57.833,110291.15,0.0001,False
2025-09-28 22:40:57.985,110291.15,9e-05,False
2025-09-28 22:40:58.046,110291.15,9e-05,False
2025-09-28 22:40:58.054,110291.14,0.02,True
2025-09-28 22:40:58.118,110291.14,0.00031,True
2025-09-28 22:40:58.294,110291.15,0.00135,False
2025-09-28 22:40:58.346,110291.15,0.0001,False
2025-09-28 22:40:58.465,110291.15,0.00016,False
2025-09-28 22:40:58.630,110291.15,9e-05,False
2025-09-28 22:40:58.924,110291.15,0.00032,False
2025-09-28 22:40:58.956,110291.15,0.0027,False
2025-09-28 22:40:59.076,110291.15,9e-05,False
2025-09-28 22:40:59.108,110291.15,9e-05,False
2025-09-28 22:40:59.273,110291.15,0.00054,False
2025-09-28 22:40:59.309,110291.15,0.00033,False
2025-09-28 22:40:59.338,110291.15,7e-05,False
2025-09-28 22:40:59.424,110291.15,0.0001,False
2025-09-28 22:40:59.438,110291.15,0.00027,False
2025-09-28 22:40:59.728,110291.15,0.00013,False
2025-09-28 22:40:59.762,110291.15,0.00067,False
2025-09-28 22:40:59.918,110291.15,0.0027,False
2025-09-28 22:41:00.051,110291.15,9e-05,False
2025-09-28 22:41:00.281,110291.14,0.00049,True
2025-09-28 22:41:00.313,110291.15,7e-05,False
2025-09-28 22:41:00.314,110291.14,6e-05,True
2025-09-28 22:41:00.496,110291.14,0.03412,True
2025-09-28 22:41:00.528,110291.15,0.00031,False
2025-09-28 22:41:00.648,110291.15,0.00013,False
2025-09-28 22:41:00.749,110291.15,7e-05,False
2025-09-28 22:41:01.058,110291.15,0.0001,False
2025-09-28 22:41:01.091,110291.15,0.00028,False
2025-09-28 22:41:01.136,110291.15,0.00013,False
2025-09-28 22:41:01.457,110291.15,0.00013,False
2025-09-28 22:41:01.774,110291.14,0.00033,True
2025-09-28 22:41:01.829,110291.15,0.00027,False
2025-09-28 22:41:02.011,110291.14,0.00033,True
2025-09-28 22:41:02.180,110291.15,0.00011,False
2025-09-28 22:41:02.183,110291.15,0.00016,False
2025-09-28 22:41:02.500,110291.15,0.00013,False
2025-09-28 22:41:02.697,110291.15,0.0135,False
2025-09-28 22:41:02.734,110291.15,9e-05,False
2025-09-28 22:41:02.859,110291.15,0.0001,False
2025-09-28 22:41:03.022,110291.15,9e-05,False
2025-09-28 22:41:03.058,110291.15,0.00029,False
2025-09-28 22:41:03.175,110291.15,9e-05,False
2025-09-28 22:41:03.215,110291.15,0.00034,False
2025-09-28 22:41:03.333,110291.15,0.00054,False
2025-09-28 22:41:03.370,110291.15,0.00013,False
2025-09-28 22:41:03.486,110291.15,0.00324,False
2025-09-28 22:41:03.529,110291.15,0.00016,False
2025-09-28 22:41:03.806,110291.15,0.00108,False
2025-09-28 22:41:03.844,110291.15,0.0004,False
2025-09-28 22:41:03.906,110291.15,0.00065,False
2025-09-28 22:41:03.964,110291.15,0.0001,False
2025-09-28 22:41:04.128,110291.15,9e-05,False
2025-09-28 22:41:04.302,110291.15,9e-05,False
2025-09-28 22:41:04.361,110291.15,0.00027,False
2025-09-28 22:41:04.469,110291.15,0.00027,False
2025-09-28 22:41:04.525,110291.15,9e-05,False
2025-09-28 22:41:04.598,110291.14,0.03279,True
2025-09-28 22:41:04.622,110291.15,9e-05,False
2025-09-28 22:41:04.640,110291.15,0.00033,False
2025-09-28 22:41:04.683,110291.15,0.00027,False
2025-09-28 22:41:04.701,110291.15,0.00295,False
2025-09-28 22:41:04.774,110291.15,0.00027,False
2025-09-28 22:41:04.838,110291.15,0.00054,False
2025-09-28 22:41:04.951,110291.15,0.00012,False
2025-09-28 22:41:05.025,110291.15,9e-05,False
2025-09-28 22:41:05.056,110291.15,0.00092,False
2025-09-28 22:41:05.109,110291.15,0.00027,False
2025-09-28 22:41:05.209,110291.15,0.00453,False
2025-09-28 22:41:05.290,110291.15,0.00027,False
2025-09-28 22:41:05.433,110291.15,9e-05,False
2025-09-28 22:41:05.443,110291.15,9e-05,False
2025-09-28 22:41:05.588,110291.14,0.00015,True
2025-09-28 22:41:05.782,110291.15,0.0001,False
2025-09-28 22:41:05.815,110291.15,0.10743,False
2025-09-28 22:41:05.815,110291.16,0.0002,False
2025-09-28 22:41:05.815,110291.53,0.0001,False
2025-09-28 22:41:05.815,110292.84,5e-05,False
2025-09-28 22:41:05.815,110294.99,0.0001,False
2025-09-28 22:41:05.815,110295.09,0.00015,False
2025-09-28 22:41:05.815,110295.1,0.00389,False
2025-09-28 22:41:05.815,110295.11,0.0001,False
2025-09-28 22:41:05.815,110295.5,5e-05,False
2025-09-28 22:41:05.815,110295.59,5e-05,False
2025-09-28 22:41:05.815,110295.96,5e-05,False
2025-09-28 22:41:05.815,110296.47,0.00015,False
2025-09-28 22:41:05.815,110296.56,5e-05,False
2025-09-28 22:41:05.815,110297.44,0.01019,False
2025-09-28 22:41:05.815,110297.45,0.0001,False
2025-09-28 22:41:05.815,110298.09,0.00015,False
2025-09-28 22:41:05.815,110298.35,5e-05,False
2025-09-28 22:41:05.815,110298.63,0.0001,False
2025-09-28 22:41:05.815,110298.77,0.00195,False
2025-09-28 22:41:05.815,110298.81,0.00195,False
2025-09-28 22:41:05.815,110298.94,0.00015,False
2025-09-28 22:41:05.832,110298.95,9e-05,False
2025-09-28 22:41:05.889,110298.95,0.00906,False
2025-09-28 22:41:05.993,110298.95,0.00018,False
2025-09-28 22:41:06.165,110298.95,9e-05,False
2025-09-28 22:41:06.327,110298.95,0.00016,False
2025-09-28 22:41:06.388,110298.95,0.00108,False
2025-09-28 22:41:06.490,110298.95,0.00113,False
2025-09-28 22:41:06.663,110298.95,0.00026,False
2025-09-28 22:41:06.816,110298.95,0.0001,False
2025-09-28 22:41:06.822,110298.95,0.00016,False
2025-09-28 22:41:06.993,110298.95,0.00056,False
2025-09-28 22:41:07.134,110298.95,0.0001,False
2025-09-28 22:41:07.318,110298.95,0.00026,False
2025-09-28 22:41:07.506,110298.95,0.00053,False
2025-09-28 22:41:07.551,110298.95,0.00025,False
2025-09-28 22:41:07.637,110298.94,0.0002,True
2025-09-28 22:41:07.660,110298.95,9e-05,False
2025-09-28 22:41:07.667,110298.94,0.00033,True
2025-09-28 22:41:07.817,110298.95,0.0001,False
2025-09-28 22:41:07.865,110298.95,9e-05,False
2025-09-28 22:41:08.019,110298.95,0.00107,False
2025-09-28 22:41:08.135,110298.95,9e-05,False
2025-09-28 22:41:08.288,110298.95,0.01282,False
2025-09-28 22:41:08.339,110298.95,0.0001,False
2025-09-28 22:41:08.410,110298.95,0.00053,False
2025-09-28 22:41:08.475,110298.95,0.00135,False
2025-09-28 22:41:08.498,110298.95,9e-05,False
2025-09-28 22:41:08.564,110298.95,0.00053,False
2025-09-28 22:41:08.678,110298.95,0.00188,False
2025-09-28 22:41:08.735,110298.95,0.0008,False
2025-09-28 22:41:08.835,110298.95,0.00013,False
2025-09-28 22:41:08.879,110298.95,0.00084,False
2025-09-28 22:41:08.895,110298.95,0.00053,False
2025-09-28 22:41:08.914,110298.95,9e-05,False
2025-09-28 22:41:09.086,110298.95,0.00053,False
2025-09-28 22:41:09.110,110298.95,0.0008,False
2025-09-28 22:41:09.254,110298.95,0.00026,False
2025-09-28 22:41:09.264,110298.95,0.00016,False
2025-09-28 22:41:09.356,110298.95,0.00018,False
2025-09-28 22:41:09.414,110298.95,0.00026,False
2025-09-28 22:41:09.440,110298.95,9e-05,False
2025-09-28 22:41:09.576,110298.95,9e-05,False
2025-09-28 22:41:09.620,110298.95,0.00134,False
2025-09-28 22:41:09.734,110298.95,0.00013,False
2025-09-28 22:41:09.892,110298.95,0.00032,False
2025-09-28 22:41:09.902,110298.94,0.00071,True
2025-09-28 22:41:10.097,110298.94,0.00045,True
2025-09-28 22:41:10.233,110298.95,9e-05,False
2025-09-28 22:41:10.286,110298.95,0.00017,False
2025-09-28 22:41:10.438,110298.95,0.00016,False
2025-09-28 22:41:10.734,110298.95,9e-05,False
2025-09-28 22:41:10.738,110298.95,0.00033,False
2025-09-28 22:41:10.879,110298.95,0.0001,False
2025-09-28 22:41:11.197,110298.94,0.00102,True
2025-09-28 22:41:11.355,110298.95,0.00026,False
2025-09-28 22:41:11.415,110298.95,0.00016,False
2025-09-28 22:41:11.506,110298.95,9e-05,False
2025-09-28 22:41:11.575,110298.95,9e-05,False
2025-09-28 22:41:11.603,110298.94,0.00075,True
2025-09-28 22:41:11.668,110298.95,0.0001,False
2025-09-28 22:41:11.811,110298.95,0.0001,False
2025-09-28 22:41:11.818,110298.95,9e-05,False
2025-09-28 22:41:11.941,110298.95,0.01464,False
2025-09-28 22:41:12.062,110298.95,9e-05,False
2025-09-28 22:41:12.210,110298.95,0.00053,False
2025-09-28 22:41:12.216,110298.94,0.00028,True
2025-09-28 22:41:12.252,110298.95,0.00013,False
2025-09-28 22:41:12.375,110298.95,9e-05,False
2025-09-28 22:41:12.546,110298.95,9e-05,False
2025-09-28 22:41:12.569,110298.95,9e-05,False
2025-09-28 22:41:12.720,110298.95,0.0001,False
2025-09-28 22:41:12.737,110298.95,0.00016,False
2025-09-28 22:41:12.899,110298.95,0.00053,False
2025-09-28 22:41:13.037,110298.94,0.00091,True
2025-09-28 22:41:13.109,110298.95,0.0001,False
2025-09-28 22:41:13.199,110298.95,0.00026,False
2025-09-28 22:41:13.267,110298.95,9e-05,False
2025-09-28 22:41:13.372,110298.95,0.00016,False
2025-09-28 22:41:13.411,110298.94,0.00168,True
2025-09-28 22:41:13.415,110298.95,0.09348,False
2025-09-28 22:41:13.415,110298.96,0.0002,False
2025-09-28 22:41:13.415,110299.03,0.0001,False
2025-09-28 22:41:13.415,110299.7,0.0001,False
2025-09-28 22:41:13.415,110299.84,5e-05,False
2025-09-28 22:41:13.415,110299.88,5e-05,False
2025-09-28 22:41:13.415,110299.99,0.0001,False
2025-09-28 22:41:13.415,110300.0,0.0001,False
2025-09-28 22:41:13.415,110300.1,0.0001,False
2025-09-28 22:41:13.415,110300.96,0.0001,False
2025-09-28 22:41:13.415,110300.98,5e-05,False
2025-09-28 22:41:13.415,110301.44,5e-05,False
2025-09-28 22:41:13.415,110303.12,5e-05,False
2025-09-28 22:41:13.415,110303.46,0.00015,False
2025-09-28 22:41:13.415,110303.55,0.0015,False
2025-09-28 22:41:13.415,110303.71,0.00018,False
2025-09-28 22:41:13.415,110303.87,5e-05,False
2025-09-28 22:41:13.415,110304.92,0.00015,False
2025-09-28 22:41:13.415,110304.99,0.0001,False
2025-09-28 22:41:13.415,110305.17,0.00015,False
2025-09-28 22:41:13.415,110305.22,0.00015,False
2025-09-28 22:41:13.415,110305.71,0.00058,False
2025-09-28 22:41:13.415,110305.77,0.00015,False
2025-09-28 22:41:13.430,110305.78,0.00053,False
2025-09-28 22:41:13.522,110305.78,0.00017,False
2025-09-28 22:41:13.619,110305.78,0.00018,False
2025-09-28 22:41:13.730,110305.78,0.00539,False
2025-09-28 22:41:13.778,110305.78,0.00026,False
2025-09-28 22:41:13.844,110305.77,0.00151,True
2025-09-28 22:41:13.870,110305.78,9e-05,False
2025-09-28 22:41:14.058,110305.77,0.00457,True
2025-09-28 22:41:14.102,110305.78,0.0004,False
2025-09-28 22:41:14.287,110305.78,0.00053,False
2025-09-28 22:41:14.372,110305.78,0.00126,False
2025-09-28 22:41:14.450,110305.78,9e-05,False
2025-09-28 22:41:14.533,110305.78,9e-05,False
2025-09-28 22:41:14.629,110305.78,0.00026,False
2025-09-28 22:41:14.703,110305.78,0.0001,False
2025-09-28 22:41:14.787,110305.78,0.00013,False
2025-09-28 22:41:14.790,110305.77,0.00027,True
2025-09-28 22:41:14.855,110305.78,0.00013,False
2025-09-28 22:41:15.329,110305.78,0.00055,False
2025-09-28 22:41:15.625,110305.78,9e-05,False
2025-09-28 22:41:15.704,110305.78,9e-05,False
2025-09-28 22:41:15.765,110305.78,9e-05,False
2025-09-28 22:41:15.769,110305.77,0.0005,True
2025-09-28 22:41:15.916,110305.78,0.10018,False
2025-09-28 22:41:15.916,110305.79,0.00075,False
2025-09-28 22:41:15.916,110305.8,0.00015,False
2025-09-28 22:41:15.916,110305.86,0.0001,False
2025-09-28 22:41:15.916,110305.88,0.00015,False
2025-09-28 22:41:15.916,110305.92,0.0001,False
2025-09-28 22:41:15.916,110306.0,0.0006,False
2025-09-28 22:41:15.916,110306.01,0.0001,False
2025-09-28 22:41:15.916,110306.04,0.00015,False
2025-09-28 22:41:15.916,110306.13,0.003,False
2025-09-28 22:41:15.916,110306.14,0.0001,False
2025-09-28 22:41:15.916,110306.4,5e-05,False
2025-09-28 22:41:15.916,110306.45,5e-05,False
2025-09-28 22:41:15.916,110306.79,0.00015,False
2025-09-28 22:41:15.916,110306.92,5e-05,False
2025-09-28 22:41:15.916,110307.0,0.0005,False
2025-09-28 22:41:15.916,110307.01,0.0001,False
2025-09-28 22:41:15.916,110307.54,5e-05,False
2025-09-28 22:41:15.916,110307.69,0.00151,False
2025-09-28 22:41:15.916,110308.0,0.0005,False
2025-09-28 22:41:15.916,110309.0,0.0005,False
2025-09-28 22:41:15.916,110309.68,5e-05,False
2025-09-28 22:41:15.916,110309.98,0.00015,False
2025-09-28 22:41:15.916,110309.99,0.0001,False
2025-09-28 22:41:15.916,110310.0,0.0005,False
2025-09-28 22:41:15.916,110310.55,0.00018,False
2025-09-28 22:41:15.916,110310.56,0.00015,False
2025-09-28 22:41:15.916,110310.83,5e-05,False
2025-09-28 22:41:15.916,110311.0,0.0005,False
2025-09-28 22:41:15.916,110311.27,0.00022,False
2025-09-28 22:41:15.916,110312.0,0.0005,False
2025-09-28 22:41:15.916,110312.01,0.00015,False
2025-09-28 22:41:15.916,110312.14,5e-05,False
2025-09-28 22:41:15.916,110312.19,0.00667,False
2025-09-28 22:41:15.916,110312.23,0.00015,False
2025-09-28 22:41:15.916,110312.36,0.0001,False
2025-09-28 22:41:15.916,110312.4,0.00015,False
2025-09-28 22:41:15.916,110312.42,0.00011,False
2025-09-28 22:41:15.916,110312.55,0.00058,False
2025-09-28 22:41:15.916,110312.67,0.01024,False
2025-09-28 22:41:15.916,110312.96,5e-05,False
2025-09-28 22:41:15.916,110313.0,0.0005,False
2025-09-28 22:41:15.916,110313.15,0.00015,False
2025-09-28 22:41:15.916,110313.16,0.01209,False
2025-09-28 22:41:15.916,110314.0,0.0005,False
2025-09-28 22:41:15.916,110314.01,0.00031,False
2025-09-28 22:41:15.916,110314.05,0.00131,False
2025-09-28 22:41:15.916,110314.23,0.00015,False
2025-09-28 22:41:16.035,110314.24,9e-05,False
2025-09-28 22:41:16.061,110314.23,0.00564,True
2025-09-28 22:41:16.106,110314.23,0.00033,True
2025-09-28 22:41:16.188,110314.24,0.00053,False
2025-09-28 22:41:16.314,110314.24,0.00013,False
2025-09-28 22:41:16.330,110314.23,0.00038,True
2025-09-28 22:41:16.341,110314.24,0.00053,False
2025-09-28 22:41:16.511,110314.24,0.00017,False
2025-09-28 22:41:16.594,110314.24,0.00019,False
2025-09-28 22:41:16.646,110314.24,0.00064,False
2025-09-28 22:41:16.805,110314.24,0.00038,False
2025-09-28 22:41:17.132,110314.24,0.00107,False
2025-09-28 22:41:17.286,110314.24,0.00026,False
2025-09-28 22:41:17.371,110314.23,0.00037,True
2025-09-28 22:41:17.731,110314.23,0.0005,True
2025-09-28 22:41:18.106,110314.24,0.00016,False
2025-09-28 22:41:18.266,110314.24,0.00053,False
2025-09-28 22:41:18.357,110314.24,0.0046,False
2025-09-28 22:41:18.376,110314.24,0.00107,False
2025-09-28 22:41:18.446,110314.24,0.0001,False
2025-09-28 22:41:18.525,110314.23,0.00022,True
2025-09-28 22:41:18.595,110314.24,0.0001,False
2025-09-28 22:41:18.715,110314.24,0.04351,False
2025-09-28 22:41:18.715,110314.25,0.0006,False
2025-09-28 22:41:18.715,110314.26,0.0001,False
2025-09-28 22:41:18.715,110314.99,0.0001,False
2025-09-28 22:41:18.715,110315.0,0.0006,False
2025-09-28 22:41:18.715,110315.01,0.0001,False
2025-09-28 22:41:18.715,110316.0,0.0005,False
2025-09-28 22:41:18.715,110316.01,0.0002,False
2025-09-28 22:41:18.715,110316.24,5e-05,False
2025-09-28 22:41:18.715,110316.3,5e-05,False
2025-09-28 22:41:18.715,110317.0,0.0005,False
2025-09-28 22:41:18.715,110317.01,0.0001,False
2025-09-28 22:41:18.715,110317.39,5e-05,False
2025-09-28 22:41:18.715,110317.88,0.0001,False
2025-09-28 22:41:18.715,110318.0,0.0005,False
2025-09-28 22:41:18.715,110318.11,0.00015,False
2025-09-28 22:41:18.715,110318.24,0.00018,False
2025-09-28 22:41:18.715,110318.81,0.00018,False
2025-09-28 22:41:18.715,110319.0,0.0005,False
2025-09-28 22:41:18.715,110319.3,0.00015,False
2025-09-28 22:41:18.715,110319.31,0.0271,False
2025-09-28 22:41:18.715,110319.52,5e-05,False
2025-09-28 22:41:18.715,110319.58,5e-05,False
2025-09-28 22:41:18.715,110319.74,0.00045,False
2025-09-28 22:41:18.715,110319.98,0.00015,False
2025-09-28 22:41:18.715,110319.99,0.0001,False
2025-09-28 22:41:18.715,110320.0,0.0016,False
2025-09-28 22:41:18.715,110320.15,0.00015,False
2025-09-28 22:41:18.715,110320.41,5e-05,False
2025-09-28 22:41:18.715,110320.51,0.00015,False
2025-09-28 22:41:18.715,110320.52,0.08831,False
2025-09-28 22:41:18.715,110320.56,0.00015,False
2025-09-28 22:41:18.715,110320.81,0.00058,False
2025-09-28 22:41:18.715,110321.0,0.00065,False
2025-09-28 22:41:18.715,110321.21,0.01019,False
2025-09-28 22:41:18.715,110321.35,0.0001,False
2025-09-28 22:41:18.715,110321.59,0.0007,False
2025-09-28 22:41:18.715,110321.67,5e-05,False
2025-09-28 22:41:18.715,110322.0,0.0005,False
2025-09-28 22:41:18.715,110322.08,0.00015,False
2025-09-28 22:41:18.719,110322.09,5e-05,False
2025-09-28 22:41:18.727,110322.09,0.0062,False
2025-09-28 22:41:18.758,110322.09,0.00026,False
2025-09-28 22:41:18.785,110322.09,0.00053,False
2025-09-28 22:41:18.908,110322.09,0.0001,False
2025-09-28 22:41:18.980,110322.09,0.00015,False
2025-09-28 22:41:19.001,110322.08,0.00072,True
2025-09-28 22:41:19.049,110322.09,9e-05,False
2025-09-28 22:41:19.196,110322.09,0.00053,False
2025-09-28 22:41:19.244,110322.09,0.00018,False
2025-09-28 22:41:19.361,110322.09,0.00045,False
2025-09-28 22:41:19.397,110322.09,9e-05,False
2025-09-28 22:41:19.414,110322.08,0.0001,True
2025-09-28 22:41:19.523,110322.09,0.00045,False
2025-09-28 22:41:19.670,110322.09,0.00023,False
2025-09-28 22:41:19.736,110322.09,0.00026,False
2025-09-28 22:41:19.814,110322.09,0.0021,False
2025-09-28 22:41:19.884,110322.09,9e-05,False
2025-09-28 22:41:19.989,110322.09,0.00215,False
2025-09-28 22:41:20.041,110322.09,0.00021,False
2025-09-28 22:41:20.165,110322.09,9e-05,False
2025-09-28 22:41:20.187,110322.09,0.0001,False
2025-09-28 22:41:20.341,110322.09,9e-05,False
2025-09-28 22:41:20.384,110322.08,0.0026,True
2025-09-28 22:41:20.491,110322.09,0.0001,False
2025-09-28 22:41:20.518,110322.09,0.00033,False
2025-09-28 22:41:20.521,110322.08,0.00038,True
2025-09-28 22:41:20.634,110322.09,0.00013,False
2025-09-28 22:41:20.670,110322.09,9e-05,False
2025-09-28 22:41:20.783,110322.09,0.00013,False
2025-09-28 22:41:20.823,110322.09,9e-05,False
2025-09-28 22:41:20.934,110322.09,9e-05,False
2025-09-28 22:41:21.083,110322.09,0.0001,False
2025-09-28 22:41:21.193,110322.09,9e-05,False
2025-09-28 22:41:21.341,110322.09,0.00026,False
2025-09-28 22:41:21.376,110322.09,0.0001,False
2025-09-28 22:41:21.388,110322.08,0.00103,True
2025-09-28 22:41:21.505,110322.08,0.00019,True
2025-09-28 22:41:21.561,110322.08,0.00017,True
2025-09-28 22:41:21.618,110322.08,0.4167,True
2025-09-28 22:41:21.618,110322.08,0.01853,True
2025-09-28 22:41:21.618,110322.08,0.0077,True
2025-09-28 22:41:21.620,110322.08,0.07796,True
2025-09-28 22:41:21.622,110322.08,0.0084,True
2025-09-28 22:41:21.628,110322.08,0.012,True
2025-09-28 22:41:21.629,110322.08,0.012,True
2025-09-28 22:41:21.636,110322.08,0.00949,True
2025-09-28 22:41:21.646,110322.08,0.00909,True
2025-09-28 22:41:21.715,110322.09,0.0001,False
2025-09-28 22:41:21.752,110322.08,0.006,True
2025-09-28 22:41:21.830,110322.09,0.00012,False
2025-09-28 22:41:21.835,110322.08,0.012,True
2025-09-28 22:41:21.835,110322.08,0.012,True
2025-09-28 22:41:21.890,110322.08,0.00172,True
2025-09-28 22:41:21.903,110322.09,0.00018,False
2025-09-28 22:41:22.056,110322.09,0.00013,False
2025-09-28 22:41:22.060,110322.08,0.5,True
2025-09-28 22:41:22.062,110322.08,0.014,True
2025-09-28 22:41:22.063,110322.08,6e-05,True
2025-09-28 22:41:22.063,110322.07,0.00455,True
2025-09-28 22:41:22.063,110322.06,0.0001,True
2025-09-28 22:41:22.063,110321.78,5e-05,True
2025-09-28 22:41:22.063,110320.43,0.00101,True
2025-09-28 22:41:22.063,110320.42,0.0001,True
2025-09-28 22:41:22.063,110320.0,5e-05,True
2025-09-28 22:41:22.063,110319.59,5e-05,True
2025-09-28 22:41:22.063,110317.88,5e-05,True
2025-09-28 22:41:22.063,110317.82,0.00015,True
2025-09-28 22:41:22.063,110317.67,5e-05,True
2025-09-28 22:41:22.063,110317.4,5e-05,True
2025-09-28 22:41:22.063,110316.0,0.00015,True
2025-09-28 22:41:22.195,110315.74,0.00017,False
2025-09-28 22:41:22.327,110315.74,0.00082,False
2025-09-28 22:41:22.343,110315.74,0.00018,False
2025-09-28 22:41:22.390,110315.73,0.0009,True
2025-09-28 22:41:22.399,110315.73,0.012,True
2025-09-28 22:41:22.401,110315.73,0.012,True
2025-09-28 22:41:22.401,110315.73,8e-05,True
2025-09-28 22:41:22.402,110315.74,0.00134,False
2025-09-28 22:41:22.403,110315.73,0.02603,True
2025-09-28 22:41:22.405,110315.72,0.00105,True
2025-09-28 22:41:22.405,110315.71,0.00065,True
2025-09-28 22:41:22.405,110315.0,0.00015,True
2025-09-28 22:41:22.405,110314.99,0.0001,True
2025-09-28 22:41:22.405,110314.24,0.00055,True
2025-09-28 22:41:22.405,110314.23,0.0001,True
2025-09-28 22:41:22.405,110313.95,0.00205,True
2025-09-28 22:41:22.405,110313.94,0.0001,True
2025-09-28 22:41:22.405,110312.96,5e-05,True
2025-09-28 22:41:22.405,110312.4,5e-05,True
2025-09-28 22:41:22.405,110311.26,0.00015,True
2025-09-28 22:41:22.405,110311.25,0.0001,True
2025-09-28 22:41:22.405,110311.24,0.0001,True
2025-09-28 22:41:22.405,110310.84,5e-05,True
2025-09-28 22:41:22.405,110309.99,0.0001,True
2025-09-28 22:41:22.405,110309.7,0.0001,True
2025-09-28 22:41:22.405,110309.39,5e-05,True
2025-09-28 22:41:22.405,110309.06,0.00015,True
2025-09-28 22:41:22.405,110308.62,0.00015,True
2025-09-28 22:41:22.411,110308.61,0.00176,True
2025-09-28 22:41:22.526,110308.62,0.0001,False
2025-09-28 22:41:22.554,110308.62,0.00018,False
2025-09-28 22:41:22.820,110308.62,9e-05,False
2025-09-28 22:41:22.855,110308.62,0.0001,False
2025-09-28 22:41:22.977,110308.62,0.00011,False
2025-09-28 22:41:23.014,110308.62,0.02159,False
2025-09-28 22:41:23.148,110308.62,9e-05,False
2025-09-28 22:41:23.186,110308.62,9e-05,False
2025-09-28 22:41:23.261,110308.61,9e-05,True
2025-09-28 22:41:23.299,110308.62,0.00013,False
2025-09-28 22:41:23.337,110308.62,9e-05,False
2025-09-28 22:41:23.432,110308.61,0.00049,True
2025-09-28 22:41:23.438,110308.62,0.00013,False
2025-09-28 22:41:23.482,110308.62,9e-05,False
2025-09-28 22:41:23.600,110308.62,0.0001,False
2025-09-28 22:41:23.624,110308.62,9e-05,False
2025-09-28 22:41:23.748,110308.62,9e-05,False
2025-09-28 22:41:23.931,110308.62,0.00026,False
2025-09-28 22:41:24.006,110308.62,0.00026,False
2025-09-28 22:41:24.054,110308.62,0.0001,False
2025-09-28 22:41:24.109,110308.62,0.0001,False
2025-09-28 22:41:24.205,110308.62,9e-05,False
2025-09-28 22:41:24.274,110308.62,0.00053,False
2025-09-28 22:41:24.480,110308.62,0.00053,False
2025-09-28 22:41:24.635,110308.62,0.283,False
2025-09-28 22:41:25.132,110308.62,0.0001,False
2025-09-28 22:41:25.287,110308.62,0.0001,False
2025-09-28 22:41:25.526,110308.62,0.00042,False
2025-09-28 22:41:25.580,110308.61,7e-05,True
2025-09-28 22:41:25.764,110308.62,0.0009,False
2025-09-28 22:41:25.890,110308.62,0.00016,False
2025-09-28 22:41:26.042,110308.62,0.0001,False
2025-09-28 22:41:26.045,110308.62,0.0009,False
2025-09-28 22:41:26.221,110308.62,0.00013,False
2025-09-28 22:41:26.274,110308.62,9e-05,False
2025-09-28 22:41:26.374,110308.61,0.00217,True
2025-09-28 22:41:26.424,110308.62,9e-05,False
2025-09-28 22:41:26.750,110308.62,0.00017,False
2025-09-28 22:41:26.827,110308.62,0.00017,False
2025-09-28 22:41:26.837,110308.62,0.002,False
2025-09-28 22:41:26.958,110308.62,0.05439,False
2025-09-28 22:41:27.012,110308.62,0.00013,False
2025-09-28 22:41:27.071,110308.62,0.00032,False
2025-09-28 22:41:27.074,110308.61,0.00026,True
2025-09-28 22:41:27.167,110308.62,0.00013,False
2025-09-28 22:41:27.224,110308.62,0.0001,False
2025-09-28 22:41:27.387,110308.62,0.0001,False
2025-09-28 22:41:27.559,110308.62,9e-05,False
2025-09-28 22:41:27.658,110308.62,0.00063,False
2025-09-28 22:41:27.716,110308.62,0.0001,False
2025-09-28 22:41:27.802,110308.61,9e-05,True
2025-09-28 22:41:27.890,110308.62,0.00092,False
2025-09-28 22:41:27.916,110308.62,9e-05,False
2025-09-28 22:41:28.023,110308.62,9e-05,False
2025-09-28 22:41:28.067,110308.62,9e-05,False
2025-09-28 22:41:28.395,110308.61,0.00116,True
2025-09-28 22:41:28.409,110308.62,0.00539,False
2025-09-28 22:41:28.459,110308.62,0.00311,False
2025-09-28 22:41:28.485,110308.62,9e-05,False
2025-09-28 22:41:28.654,110308.62,0.00053,False
2025-09-28 22:41:28.656,110308.62,0.00013,False
2025-09-28 22:41:28.805,110308.62,9e-05,False
2025-09-28 22:41:28.858,110308.62,0.0007,False
2025-09-28 22:41:28.983,110308.62,0.00053,False
2025-09-28 22:41:29.143,110308.62,0.00026,False
2025-09-28 22:41:29.288,110308.62,0.0111,False
2025-09-28 22:41:29.294,110308.62,9e-05,False
2025-09-28 22:41:29.349,110308.61,0.00733,True
2025-09-28 22:41:29.349,110308.6,0.0007,True
2025-09-28 22:41:29.349,110308.59,0.0001,True
2025-09-28 22:41:29.411,110308.17,0.00026,False
2025-09-28 22:41:29.464,110308.17,0.0001,False
2025-09-28 22:41:29.560,110308.17,9e-05,False
2025-09-28 22:41:29.720,110308.17,9e-05,False
2025-09-28 22:41:29.757,110308.17,9e-05,False
2025-09-28 22:41:29.828,110308.16,0.0003,True
2025-09-28 22:41:29.919,110308.17,9e-05,False
2025-09-28 22:41:29.938,110308.17,0.00269,False
2025-09-28 22:41:29.959,110308.16,0.00496,True
2025-09-28 22:41:29.959,110308.15,0.0014,True
2025-09-28 22:41:29.959,110308.14,0.0001,True
2025-09-28 22:41:29.959,110307.89,0.0001,True
2025-09-28 22:41:29.959,110307.71,0.00015,True
2025-09-28 22:41:29.959,110307.7,0.02026,True
2025-09-28 22:41:29.963,110307.69,0.00015,True
2025-09-28 22:41:29.963,110307.68,0.00025,True
2025-09-28 22:41:29.963,110307.58,0.00058,True
2025-09-28 22:41:29.963,110307.57,0.0001,True
2025-09-28 22:41:29.963,110306.92,5e-05,True
2025-09-28 22:41:29.963,110306.4,5e-05,True
2025-09-28 22:41:29.963,110304.99,0.0001,True
2025-09-28 22:41:29.963,110304.58,0.00015,True
2025-09-28 22:41:29.963,110304.57,0.02491,True
2025-09-28 22:41:29.963,110304.57,0.01817,True
2025-09-28 22:41:29.963,110304.56,0.00025,True
2025-09-28 22:41:29.963,110304.54,0.00015,True
2025-09-28 22:41:29.963,110304.27,5e-05,True
2025-09-28 22:41:29.963,110303.98,0.0018,True
2025-09-28 22:41:29.963,110303.88,5e-05,True
2025-09-28 22:41:29.963,110303.19,0.00315,True
2025-09-28 22:41:29.963,110303.0,0.0005,True
2025-09-28 22:41:29.963,110302.0,0.0005,True
2025-09-28 22:41:29.963,110301.94,0.0003,True
2025-09-28 22:41:30.094,110301.53,9e-05,False
2025-09-28 22:41:30.118,110301.52,0.00195,True
2025-09-28 22:41:30.118,110301.51,0.001,True
2025-09-28 22:41:30.118,110301.5,0.0001,True
2025-09-28 22:41:30.118,110301.0,0.0006,True
2025-09-28 22:41:30.118,110300.99,0.0001,True
2025-09-28 22:41:30.118,110300.03,0.00239,True
2025-09-28 22:41:30.118,110300.03,0.00614,True
2025-09-28 22:41:30.118,110300.03,0.00614,True
2025-09-28 22:41:30.118,110300.03,0.00614,True
2025-09-28 22:41:30.133,110300.04,0.01813,False
2025-09-28 22:41:30.216,110300.04,9e-05,False
2025-09-28 22:41:30.293,110300.04,9e-05,False
2025-09-28 22:41:30.313,110300.03,0.00336,True
2025-09-28 22:41:30.313,110300.02,0.001,True
2025-09-28 22:41:30.313,110300.01,0.00025,True
2025-09-28 22:41:30.313,110300.0,0.01918,True
2025-09-28 22:41:30.313,110299.99,0.0002,True
2025-09-28 22:41:30.313,110299.84,5e-05,True
2025-09-28 22:41:30.313,110299.8,0.00015,True
2025-09-28 22:41:30.313,110299.0,0.0005,True
2025-09-28 22:41:30.313,110298.99,0.0001,True
2025-09-28 22:41:30.313,110298.8,5e-05,True
2025-09-28 22:41:30.313,110298.0,0.0005,True
2025-09-28 22:41:30.313,110297.99,0.0001,True
2025-09-28 22:41:30.313,110297.58,0.00077,True
2025-09-28 22:41:30.313,110297.58,0.02621,True
2025-09-28 22:41:30.313,110297.58,0.02621,True
2025-09-28 22:41:30.313,110297.58,0.02621,True
2025-09-28 22:41:30.319,110297.58,0.00947,True
2025-09-28 22:41:30.319,110297.58,0.01423,True
2025-09-28 22:41:30.320,110297.58,0.00964,True
2025-09-28 22:41:30.321,110297.58,0.01098,True
2025-09-28 22:41:30.321,110297.58,0.02301,True
2025-09-28 22:41:30.321,110297.58,0.00186,True
2025-09-28 22:41:30.415,110297.58,0.00231,True
2025-09-28 22:41:30.415,110297.57,0.001,True
2025-09-28 22:41:30.415,110297.0,0.0006,True
2025-09-28 22:41:30.415,110296.99,0.0001,True
2025-09-28 22:41:30.415,110296.56,5e-05,True
2025-09-28 22:41:30.415,110296.0,0.0006,True
2025-09-28 22:41:30.415,110295.96,0.00012,True
2025-09-28 22:41:30.415,110295.6,5e-05,True
2025-09-28 22:41:30.415,110295.42,0.0001,True
2025-09-28 22:41:30.415,110295.0,0.0005,True
2025-09-28 22:41:30.415,110294.99,0.0002,True
2025-09-28 22:41:30.415,110294.86,0.00015,True
2025-09-28 22:41:30.415,110294.0,0.0005,True
2025-09-28 22:41:30.415,110293.87,0.0001,True
2025-09-28 22:41:30.415,110293.28,5e-05,True
2025-09-28 22:41:30.415,110293.0,0.0005,True
2025-09-28 22:41:30.415,110292.85,5e-05,True
2025-09-28 22:41:30.415,110292.71,0.00025,True
2025-09-28 22:41:30.415,110292.0,0.0005,True
2025-09-28 22:41:30.415,110291.21,0.00015,True
2025-09-28 22:41:30.440,110291.21,0.00067,False
2025-09-28 22:41:30.565,110291.21,9e-05,False
2025-09-28 22:41:30.580,110291.21,9e-05,False
2025-09-28 22:41:30.707,110291.21,9e-05,False
2025-09-28 22:41:31.009,110291.21,0.00013,False
2025-09-28 22:41:31.098,110291.21,0.00027,False
2025-09-28 22:41:31.141,110291.21,9e-05,False
2025-09-28 22:41:31.462,110291.21,0.0001,False
2025-09-28 22:41:31.550,110291.21,0.00013,False
2025-09-28 22:41:31.632,110291.21,0.00013,False
2025-09-28 22:41:31.689,110291.21,0.0004,False
2025-09-28 22:41:32.566,110291.21,0.00117,False
2025-09-28 22:41:32.753,110291.21,0.00013,False
2025-09-28 22:41:32.825,110291.21,0.01813,False
2025-09-28 22:41:32.887,110291.21,0.00032,False
2025-09-28 22:41:33.024,110291.21,0.00054,False
2025-09-28 22:41:33.433,110291.21,0.0027,False
2025-09-28 22:41:33.542,110291.21,0.0009,False
2025-09-28 22:41:33.846,110291.21,9e-05,False
2025-09-28 22:41:33.948,110291.21,0.00021,False
2025-09-28 22:41:34.095,110291.21,0.00013,False
2025-09-28 22:41:34.253,110291.21,9e-05,False
2025-09-28 22:41:34.390,110291.21,9e-05,False
2025-09-28 22:41:34.404,110291.21,0.00054,False
2025-09-28 22:41:34.422,110291.2,0.00323,True
2025-09-28 22:41:34.475,110291.21,0.00081,False
2025-09-28 22:41:34.571,110291.21,9e-05,False
2025-09-28 22:41:34.720,110291.21,0.0004,False
2025-09-28 22:41:34.877,110291.21,0.00111,False
2025-09-28 22:41:34.973,110291.21,0.00312,False
2025-09-28 22:41:35.031,110291.21,0.00054,False
2025-09-28 22:41:35.181,110291.21,9e-05,False
2025-09-28 22:41:35.334,110291.21,9e-05,False
2025-09-28 22:41:35.373,110291.21,9e-05,False
2025-09-28 22:41:35.490,110291.21,0.0001,False
2025-09-28 22:41:35.529,110291.21,0.00016,False
2025-09-28 22:41:35.586,110291.21,0.00723,False
2025-09-28 22:41:35.679,110291.21,9e-05,False
2025-09-28 22:41:35.784,110291.21,0.0001,False
2025-09-28 22:41:35.845,110291.21,0.0001,False
2025-09-28 22:41:35.942,110291.21,9e-05,False
2025-09-28 22:41:35.997,110291.21,0.0001,False
2025-09-28 22:41:36.023,110291.21,0.00051,False
2025-09-28 22:41:36.358,110291.21,0.00027,False
2025-09-28 22:41:36.487,110291.21,0.00022,False
2025-09-28 22:41:36.687,110291.21,9e-05,False
2025-09-28 22:41:36.840,110291.21,9e-05,False
2025-09-28 22:41:36.988,110291.21,0.00027,False
2025-09-28 22:41:37.452,110291.2,0.00184,True
2025-09-28 22:41:37.457,110291.21,0.0001,False
2025-09-28 22:41:37.609,110291.21,9e-05,False
2025-09-28 22:41:37.649,110291.21,9e-05,False
2025-09-28 22:41:37.812,110291.21,9e-05,False
2025-09-28 22:41:37.923,110291.21,0.00013,False
2025-09-28 22:41:38.083,110291.21,0.0001,False
2025-09-28 22:41:38.293,110291.2,0.00957,True
2025-09-28 22:41:38.298,110291.21,9e-05,False
2025-09-28 22:41:38.369,110291.21,9e-05,False
2025-09-28 22:41:38.455,110291.21,9e-05,False
2025-09-28 22:41:38.599,110291.21,0.00024,False
2025-09-28 22:41:38.799,110291.21,0.00043,False
2025-09-28 22:41:38.822,110291.2,0.00012,True
2025-09-28 22:41:38.948,110291.21,0.00019,False
2025-09-28 22:41:39.022,110291.2,0.0001,True
2025-09-28 22:41:39.099,110291.21,0.0001,False
2025-09-28 22:41:39.293,110291.21,0.00021,False
2025-09-28 22:41:39.301,110291.21,9e-05,False
2025-09-28 22:41:39.341,110291.21,0.00328,False
2025-09-28 22:41:39.470,110291.21,0.00016,False
2025-09-28 22:41:39.914,110291.21,0.00678,False
2025-09-28 22:41:39.922,110291.21,0.0001,False
2025-09-28 22:41:40.027,110291.21,0.00272,False
2025-09-28 22:41:40.060,110291.21,0.00016,False
2025-09-28 22:41:40.201,110291.21,0.00054,False
2025-09-28 22:41:40.257,110291.21,0.47312,False
2025-09-28 22:41:40.289,110291.2,0.00434,True
2025-09-28 22:41:40.354,110291.2,0.01109,True
2025-09-28 22:41:40.478,110291.21,0.00157,False
2025-09-28 22:41:40.837,110291.21,0.0001,False
2025-09-28 22:41:40.985,110291.21,0.00013,False
2025-09-28 22:41:41.108,110291.21,0.00031,False
2025-09-28 22:41:41.260,110291.21,0.0001,False
2025-09-28 22:41:41.622,110291.21,0.01329,False
2025-09-28 22:41:42.833,110291.21,0.00011,False
2025-09-28 22:41:43.158,110291.21,0.00712,False
2025-09-28 22:41:43.619,110291.21,9e-05,False
2025-09-28 22:41:43.873,110291.21,0.00318,False
2025-09-28 22:41:44.195,110291.21,0.0003,False
2025-09-28 22:41:44.661,110291.2,0.00018,True
2025-09-28 22:41:45.186,110291.2,0.00048,True
2025-09-28 22:41:45.871,110291.21,0.00127,False
2025-09-28 22:41:46.586,110291.21,0.00395,False
2025-09-28 22:41:47.218,110291.21,0.00025,False
2025-09-28 22:41:47.318,110291.2,1.0,True
2025-09-28 22:41:47.541,110291.2,0.00726,True
2025-09-28 22:41:48.213,110291.21,0.00027,False
2025-09-28 22:41:48.579,110291.21,0.0253,False
2025-09-28 22:41:49.632,110291.21,0.00046,False
2025-09-28 22:41:50.141,110291.2,0.00086,True
2025-09-28 22:41:50.405,110291.21,0.00544,False
2025-09-28 22:41:50.707,110291.2,0.00021,True
2025-09-28 22:41:51.024,110291.2,0.00016,True
2025-09-28 22:41:51.167,110291.21,0.00066,False
2025-09-28 22:41:52.003,110291.21,0.73313,False
2025-09-28 22:41:52.004,110291.21,0.3592,False
2025-09-28 22:41:52.004,110291.21,0.31743,False
2025-09-28 22:41:52.004,110291.22,0.0004,False
2025-09-28 22:41:52.004,110291.23,0.0001,False
2025-09-28 22:41:52.004,110291.29,0.0001,False
2025-09-28 22:41:52.004,110291.46,0.00022,False
2025-09-28 22:41:52.004,110291.84,0.0002,False
2025-09-28 22:41:52.004,110292.1,0.00015,False
2025-09-28 22:41:52.004,110292.11,0.086,False
2025-09-28 22:41:52.004,110292.11,0.05511,False
2025-09-28 22:41:52.004,110292.11,0.157,False
2025-09-28 22:41:52.005,110292.11,0.00119,False
2025-09-28 22:41:52.005,110292.12,0.0001,False
2025-09-28 22:41:52.005,110292.86,0.00106,False
2025-09-28 22:41:52.005,110292.87,0.0001,False
2025-09-28 22:41:52.005,110293.47,0.00015,False
2025-09-28 22:41:52.005,110293.48,0.00025,False
2025-09-28 22:41:52.005,110293.49,0.0001,False
2025-09-28 22:41:52.005,110293.75,0.00015,False
2025-09-28 22:41:52.005,110293.76,0.32638,False
2025-09-28 22:41:52.005,110295.21,0.00038,False
2025-09-28 22:41:52.007,110295.59,5e-05,False
2025-09-28 22:41:52.007,110295.96,5e-05,False
2025-09-28 22:41:52.023,110297.12,0.00125,False
2025-09-28 22:41:52.023,110297.13,0.0007,False
2025-09-28 22:41:52.023,110297.35,0.00015,False
2025-09-28 22:41:52.025,110297.36,0.0001,False
2025-09-28 22:41:52.025,110297.55,0.0001,False
2025-09-28 22:41:52.025,110297.59,0.0001,False
2025-09-28 22:41:52.025,110297.6,0.0001,False
2025-09-28 22:41:52.025,110297.99,0.0001,False
2025-09-28 22:41:52.025,110298.17,0.00015,False
2025-09-28 22:41:52.025,110298.32,0.0001,False
2025-09-28 22:41:52.025,110299.48,0.0001,False
2025-09-28 22:41:52.025,110299.49,0.0001,False
2025-09-28 22:41:52.025,110299.84,5e-05,False
2025-09-28 22:41:52.025,110299.99,0.0001,False
2025-09-28 22:41:52.025,110300.0,0.0002,False
2025-09-28 22:41:52.025,110300.04,0.00168,False
2025-09-28 22:41:52.025,110300.05,0.0001,False
2025-09-28 22:41:52.025,110300.11,5e-05,False
2025-09-28 22:41:52.025,110300.12,0.0001,False
2025-09-28 22:41:52.025,110300.13,5e-05,False
2025-09-28 22:41:52.044,110300.14,0.00035,False
2025-09-28 22:41:52.068,110300.15,0.05161,False
2025-09-28 22:41:52.080,110300.15,0.04533,False
2025-09-28 22:41:52.511,110300.15,0.0006,False
2025-09-28 22:41:52.544,110300.15,0.005,False
2025-09-28 22:41:52.641,110300.15,0.002,False
2025-09-28 22:41:52.641,110300.16,0.01852,False
2025-09-28 22:41:52.642,110300.16,0.0001,False
2025-09-28 22:41:52.642,110300.17,0.0001,False
2025-09-28 22:41:52.642,110301.44,5e-05,False
2025-09-28 22:41:52.642,110302.83,0.00015,False
2025-09-28 22:41:52.674,110302.84,0.00176,False
2025-09-28 22:41:52.674,110302.85,0.0005,False
2025-09-28 22:41:52.674,110303.12,5e-05,False
2025-09-28 22:41:52.674,110303.17,5e-05,False
2025-09-28 22:41:52.674,110304.26,5e-05,False
2025-09-28 22:41:52.674,110304.99,0.0001,False
2025-09-28 22:41:52.674,110305.44,0.0001,False
2025-09-28 22:41:52.674,110306.4,5e-05,False
2025-09-28 22:41:52.674,110306.62,5e-05,False
2025-09-28 22:41:52.674,110306.92,5e-05,False
2025-09-28 22:41:52.674,110307.0,0.00015,False
2025-09-28 22:41:52.674,110307.05,0.00176,False
2025-09-28 22:41:52.674,110307.06,0.0001,False
2025-09-28 22:41:52.674,110308.62,0.00312,False
2025-09-28 22:41:52.674,110308.63,0.0001,False
2025-09-28 22:41:52.674,110308.85,0.00015,False
2025-09-28 22:41:52.777,110308.86,0.00263,False
2025-09-28 22:41:52.778,110308.87,0.00085,False
2025-09-28 22:41:52.778,110308.88,0.0001,False
2025-09-28 22:41:52.915,110309.68,0.0011,False
2025-09-28 22:41:52.915,110309.69,0.0007,False
2025-09-28 22:41:52.915,110309.7,0.0001,False
2025-09-28 22:41:52.915,110309.99,0.0001,False
2025-09-28 22:41:52.915,110311.0,0.0006,False
2025-09-28 22:41:52.915,110311.01,0.0001,False
2025-09-28 22:41:52.915,110311.35,0.0001,False
2025-09-28 22:41:52.915,110312.0,0.0005,False
2025-09-28 22:41:52.915,110312.01,0.0001,False
2025-09-28 22:41:52.915,110312.4,5e-05,False
2025-09-28 22:41:52.915,110312.96,5e-05,False
2025-09-28 22:41:52.915,110313.0,0.0005,False
2025-09-28 22:41:52.915,110313.01,0.0001,False
2025-09-28 22:41:52.915,110313.02,5e-05,False
2025-09-28 22:41:52.915,110313.14,0.00015,False
2025-09-28 22:41:52.915,110313.27,0.003,False
2025-09-28 22:41:52.915,110313.28,0.00018,False
2025-09-28 22:41:52.915,110313.68,0.00018,False
2025-09-28 22:41:52.915,110314.0,0.0005,False
2025-09-28 22:41:52.915,110314.78,0.0001,False
2025-09-28 22:41:52.915,110314.9,5e-05,False
2025-09-28 22:41:52.915,110314.99,0.0001,False
2025-09-28 22:41:52.915,110315.0,0.0005,False
2025-09-28 22:41:52.915,110315.18,0.00045,False
2025-09-28 22:41:52.915,110315.28,0.00058,False
2025-09-28 22:41:52.915,110315.29,0.0001,False
2025-09-28 22:41:52.915,110315.47,0.00022,False
2025-09-28 22:41:52.915,110316.0,0.0005,False
2025-09-28 22:41:52.915,110316.24,5e-05,False
2025-09-28 22:41:52.915,110316.27,0.0002,False
2025-09-28 22:41:52.915,110316.32,0.00025,False
2025-09-28 22:41:52.915,110316.7,0.00166,False
2025-09-28 22:41:52.915,110316.78,0.00146,False
2025-09-28 22:41:52.915,110317.0,0.0005,False
2025-09-28 22:41:52.915,110317.42,0.0001,False
2025-09-28 22:41:52.915,110317.66,5e-05,False
2025-09-28 22:41:52.915,110317.88,0.0001,False
2025-09-28 22:41:52.915,110318.0,0.0005,False
2025-09-28 22:41:52.915,110318.16,0.01015,False
2025-09-28 22:41:52.915,110318.29,0.00363,False
2025-09-28 22:41:52.915,110318.38,0.00015,False
2025-09-28 22:41:52.915,110318.39,0.0637,False
2025-09-28 22:41:52.915,110319.0,0.06597,False
2025-09-28 22:41:52.915,110319.32,0.0001,False
2025-09-28 22:41:52.915,110319.52,5e-05,False
2025-09-28 22:41:53.590,110319.59,0.03565,False
2025-09-28 22:41:53.814,110319.58,0.00062,True
2025-09-28 22:41:54.222,110319.59,0.00203,False
2025-09-28 22:41:54.826,110319.58,0.0005,True
2025-09-28 22:41:56.097,110319.58,9e-05,True
2025-09-28 22:41:56.557,110319.58,0.00081,True
2025-09-28 22:41:56.969,110319.58,0.001,True
2025-09-28 22:41:58.078,110319.58,0.00101,True
2025-09-28 22:42:00.280,110319.58,0.00081,True
2025-09-28 22:42:00.954,110319.59,0.00031,False
2025-09-28 22:42:01.104,110319.59,0.0096,False
2025-09-28 22:42:01.111,110319.59,0.00037,False
2025-09-28 22:42:01.144,110319.59,0.00163,False
2025-09-28 22:42:01.144,110319.6,0.0006,False
2025-09-28 22:42:01.144,110319.61,0.00015,False
2025-09-28 22:42:01.144,110319.67,0.0001,False
2025-09-28 22:42:01.144,110319.99,0.0001,False
2025-09-28 22:42:01.144,110320.0,0.00065,False
2025-09-28 22:42:01.144,110320.01,0.0001,False
2025-09-28 22:42:01.144,110320.66,0.0001,False
2025-09-28 22:42:01.144,110321.0,0.0005,False
2025-09-28 22:42:01.144,110321.01,0.0001,False
2025-09-28 22:42:01.144,110321.65,0.00015,False
2025-09-28 22:42:01.144,110321.77,5e-05,False
2025-09-28 22:42:01.144,110322.0,0.0005,False
2025-09-28 22:42:01.144,110322.01,0.0001,False
2025-09-28 22:42:01.144,110322.09,0.001,False
2025-09-28 22:42:01.144,110322.8,5e-05,False
2025-09-28 22:42:01.144,110322.87,5e-05,False
2025-09-28 22:42:01.144,110323.0,0.0005,False
2025-09-28 22:42:01.144,110323.25,0.00015,False
2025-09-28 22:42:01.144,110323.36,0.0002,False
2025-09-28 22:42:01.144,110323.59,0.00018,False
2025-09-28 22:42:01.144,110324.0,0.0005,False
2025-09-28 22:42:01.144,110324.82,0.00023,False
2025-09-28 22:42:01.144,110324.83,0.00012,False
2025-09-28 22:42:01.144,110324.99,0.0001,False
2025-09-28 22:42:01.144,110325.0,0.0005,False
2025-09-28 22:42:01.144,110325.09,0.00045,False
2025-09-28 22:42:01.144,110325.23,0.00015,False
2025-09-28 22:42:01.709,110325.23,0.00022,True
2025-09-28 22:42:01.743,110325.23,0.00045,True
2025-09-28 22:42:02.740,110325.23,0.00064,True
2025-09-28 22:42:04.524,110325.23,0.00012,True
2025-09-28 22:42:05.213,110325.23,0.00205,True
2025-09-28 22:42:05.331,110325.23,0.001,True
2025-09-28 22:42:05.863,110325.24,0.02266,False
2025-09-28 22:42:06.540,110325.23,0.00054,True
2025-09-28 22:42:06.599,110325.24,0.00165,False
2025-09-28 22:42:06.908,110325.24,0.01435,False
2025-09-28 22:42:07.213,110325.24,0.00035,False
2025-09-28 22:42:07.765,110325.24,0.00138,False
2025-09-28 22:42:08.169,110325.24,0.00111,False
2025-09-28 22:42:08.623,110325.23,0.0011,True
2025-09-28 22:42:09.478,110325.23,0.00353,True
2025-09-28 22:42:10.322,110325.23,0.00543,True
2025-09-28 22:42:10.841,110325.23,9e-05,True
2025-09-28 22:42:10.890,110325.23,0.00146,True
2025-09-28 22:42:11.683,110325.24,0.0001,False
2025-09-28 22:42:11.993,110325.23,0.00046,True
2025-09-28 22:42:12.304,110325.23,0.00033,True
2025-09-28 22:42:12.368,110325.24,0.0006,False
2025-09-28 22:42:12.489,110325.24,0.00011,False
2025-09-28 22:42:12.662,110325.23,0.00253,True
2025-09-28 22:42:12.931,110325.23,0.157,True
2025-09-28 22:42:12.932,110325.23,0.47661,True
2025-09-28 22:42:12.932,110325.22,0.01303,True
2025-09-28 22:42:12.932,110325.21,0.0001,True
2025-09-28 22:42:12.932,110325.16,0.0001,True
2025-09-28 22:42:12.932,110324.68,0.0001,True
2025-09-28 22:42:12.933,110323.36,5e-05,True
2025-09-28 22:42:12.933,110320.42,5e-05,True
2025-09-28 22:42:12.933,110320.0,5e-05,True
2025-09-28 22:42:12.933,110319.99,0.0001,True
2025-09-28 22:42:12.933,110319.71,0.00015,True
2025-09-28 22:42:12.933,110319.58,0.00025,True
2025-09-28 22:42:12.933,110318.8,0.00015,True
2025-09-28 22:42:12.933,110318.66,0.01009,True
2025-09-28 22:42:12.933,110318.65,0.0001,True
2025-09-28 22:42:12.933,110318.0,0.0021,True
2025-09-28 22:42:12.933,110317.99,0.0001,True
2025-09-28 22:42:12.933,110317.93,0.00091,True
2025-09-28 22:42:12.933,110317.92,0.0001,True
2025-09-28 22:42:12.933,110317.88,0.0001,True
2025-09-28 22:42:12.933,110317.67,5e-05,True
2025-09-28 22:42:12.933,110316.34,0.00905,True
2025-09-28 22:42:12.934,110316.33,0.00015,True
2025-09-28 22:42:12.934,110316.24,5e-05,True
2025-09-28 22:42:12.934,110315.42,0.00015,True
2025-09-28 22:42:13.341,110315.42,0.00123,False
2025-09-28 22:42:13.362,110315.41,0.012,True
2025-09-28 22:42:13.362,110315.41,0.012,True
2025-09-28 22:42:13.506,110315.42,0.00013,False
2025-09-28 22:42:13.591,110315.42,9e-05,False
2025-09-28 22:42:14.765,110315.42,7e-05,False
2025-09-28 22:42:15.475,110315.41,0.40459,True
2025-09-28 22:42:15.476,110315.41,0.21806,True
2025-09-28 22:42:15.476,110315.4,0.00105,True
2025-09-28 22:42:15.476,110315.39,0.0001,True
2025-09-28 22:42:15.476,110315.26,0.00015,True
2025-09-28 22:42:15.476,110315.25,0.0002,True
2025-09-28 22:42:15.476,110315.24,0.0001,True
2025-09-28 22:42:15.476,110315.19,0.00015,True
2025-09-28 22:42:15.476,110314.99,0.0001,True
2025-09-28 22:42:15.476,110314.09,0.00015,True
2025-09-28 22:42:15.476,110314.08,0.0001,True
2025-09-28 22:42:15.476,110314.07,0.0001,True
2025-09-28 22:42:15.476,110314.0,0.01025,True
2025-09-28 22:42:15.476,110313.99,0.0001,True
2025-09-28 22:42:15.479,110312.96,5e-05,True
2025-09-28 22:42:15.485,110313.04,0.00053,False
2025-09-28 22:42:15.493,110313.03,0.0013,True
2025-09-28 22:42:15.493,110313.02,0.001,True
2025-09-28 22:42:15.493,110312.4,0.00045,True
2025-09-28 22:42:15.493,110312.39,0.00025,True
2025-09-28 22:42:15.493,110312.17,0.00015,True
2025-09-28 22:42:15.525,110312.16,0.00516,True
2025-09-28 22:42:15.525,110312.15,0.001,True
2025-09-28 22:42:15.525,110311.38,0.00015,True
2025-09-28 22:42:15.532,110311.37,0.0001,True
2025-09-28 22:42:15.532,110311.08,0.0001,True
2025-09-28 22:42:15.532,110310.59,0.00015,True
2025-09-28 22:42:15.532,110310.54,0.00025,True
2025-09-28 22:42:15.532,110310.36,0.00015,True
2025-09-28 22:42:15.532,110310.13,0.0001,True
2025-09-28 22:42:15.532,110309.99,0.0001,True
2025-09-28 22:42:15.532,110309.87,0.0019,True
2025-09-28 22:42:15.532,110309.86,0.0001,True
2025-09-28 22:42:15.532,110309.68,5e-05,True
2025-09-28 22:42:15.532,110309.67,0.0001,True
2025-09-28 22:42:15.532,110309.39,5e-05,True
2025-09-28 22:42:15.532,110309.26,0.0072,True
2025-09-28 22:42:15.532,110309.24,0.0001,True
2025-09-28 22:42:15.532,110309.23,5e-05,True
2025-09-28 22:42:15.532,110309.03,5e-05,True
2025-09-28 22:42:15.532,110307.78,0.0002,True
2025-09-28 22:42:15.532,110307.45,5e-05,True
2025-09-28 22:42:15.532,110307.44,5e-05,True
2025-09-28 22:42:15.532,110306.92,5e-05,True
2025-09-28 22:42:15.532,110306.9,7e-05,True
2025-09-28 22:42:15.532,110306.63,5e-05,True
2025-09-28 22:42:15.532,110306.4,5e-05,True
2025-09-28 22:42:15.532,110306.2,5e-05,True
2025-09-28 22:42:15.532,110306.0,0.0005,True
2025-09-28 22:42:15.532,110305.79,0.00015,True
2025-09-28 22:42:15.557,110305.65,0.0019,True
2025-09-28 22:42:15.557,110305.64,0.00018,True
2025-09-28 22:42:15.643,110305.64,0.00907,True
2025-09-28 22:42:15.689,110305.65,0.00014,False
2025-09-28 22:42:15.714,110305.64,0.00235,True
2025-09-28 22:42:15.714,110305.63,0.001,True
2025-09-28 22:42:15.714,110305.62,0.0001,True
2025-09-28 22:42:15.714,110305.0,0.0006,True
2025-09-28 22:42:15.714,110304.99,0.0002,True
2025-09-28 22:42:15.714,110304.75,0.0001,True
2025-09-28 22:42:15.714,110304.41,0.00015,True
2025-09-28 22:42:15.714,110304.4,0.0001,True
2025-09-28 22:42:15.714,110304.0,0.0005,True
2025-09-28 22:42:15.714,110303.16,0.00015,True
2025-09-28 22:42:15.714,110303.12,5e-05,True
2025-09-28 22:42:15.714,110303.05,0.00015,True
2025-09-28 22:42:15.714,110303.0,0.0005,True
2025-09-28 22:42:15.714,110302.91,0.00015,True
2025-09-28 22:42:17.039,110302.9,0.0272,True
2025-09-28 22:42:17.148,110302.9,0.0272,True
2025-09-28 22:42:17.258,110302.9,0.0258,True
2025-09-28 22:42:17.292,110302.9,0.00092,True
2025-09-28 22:42:17.404,110302.9,0.04534,True
2025-09-28 22:42:17.814,110302.91,0.00094,False
2025-09-28 22:42:17.816,110302.9,0.0006,True
2025-09-28 22:42:18.464,110302.9,0.00085,True
2025-09-28 22:42:18.703,110302.9,0.00386,True
2025-09-28 22:42:19.022,110302.9,5e-05,True
2025-09-28 22:42:19.134,110302.9,0.00671,True
2025-09-28 22:42:19.993,110302.91,0.00036,False
2025-09-28 22:42:21.457,110302.91,0.00091,False
2025-09-28 22:42:21.922,110302.91,0.00208,False
2025-09-28 22:42:22.864,110302.91,0.00011,False
2025-09-28 22:42:22.902,110302.91,0.00028,False
2025-09-28 22:42:23.114,110302.91,0.00019,False
2025-09-28 22:42:23.167,110302.91,0.00091,False
2025-09-28 22:42:23.252,110302.91,0.00272,False
2025-09-28 22:42:23.422,110302.91,9e-05,False
2025-09-28 22:42:23.542,110302.91,0.00023,False
2025-09-28 22:42:23.768,110302.91,0.00082,False
2025-09-28 22:42:23.801,110302.91,0.00019,False
2025-09-28 22:42:23.834,110302.91,0.00188,False
2025-09-28 22:42:24.217,110302.91,0.00014,False
2025-09-28 22:42:24.388,110302.91,0.00055,False
2025-09-28 22:42:24.394,110302.91,0.02284,False
2025-09-28 22:42:24.452,110302.91,0.0001,False
2025-09-28 22:42:24.529,110302.91,0.0055,False
2025-09-28 22:42:24.588,110302.9,0.00013,True
2025-09-28 22:42:24.612,110302.91,0.0001,False
2025-09-28 22:42:24.734,110302.9,0.06083,True
2025-09-28 22:42:24.788,110302.91,0.0001,False
2025-09-28 22:42:24.794,110302.91,0.0001,False
2025-09-28 22:42:24.827,110302.91,0.00012,False
2025-09-28 22:42:25.061,110302.91,0.0001,False
2025-09-28 22:42:25.241,110302.91,9e-05,False
2025-09-28 22:42:25.317,110302.91,0.00212,False
2025-09-28 22:42:25.379,110302.91,8e-05,False
2025-09-28 22:42:26.056,110302.9,0.00017,True
2025-09-28 22:42:26.662,110302.9,5e-05,True
2025-09-28 22:42:26.667,110302.91,0.00109,False
2025-09-28 22:42:26.682,110302.91,0.00019,False
2025-09-28 22:42:26.833,110302.91,9e-05,False
2025-09-28 22:42:27.007,110302.9,0.03626,True
2025-09-28 22:42:27.220,110302.91,0.00322,False
2025-09-28 22:42:29.040,110302.91,0.00023,False
2025-09-28 22:42:29.382,110302.9,0.012,True
2025-09-28 22:42:29.383,110302.9,0.012,True
2025-09-28 22:42:29.496,110302.9,0.414,True
2025-09-28 22:42:29.510,110302.91,0.00262,False
2025-09-28 22:42:29.522,110302.9,0.00026,True
2025-09-28 22:42:29.534,110302.9,0.012,True
2025-09-28 22:42:29.535,110302.9,0.012,True
2025-09-28 22:42:29.560,110302.91,0.00044,False
2025-09-28 22:42:29.567,110302.9,0.001,True
2025-09-28 22:42:29.709,110302.9,0.00966,True
2025-09-28 22:42:29.744,110302.9,0.00926,True
2025-09-28 22:42:29.754,110302.9,0.00933,True
2025-09-28 22:42:29.761,110302.9,0.01245,True
2025-09-28 22:42:29.785,110302.9,0.00913,True
2025-09-28 22:42:29.800,110302.9,0.00896,True
2025-09-28 22:42:29.823,110302.9,0.012,True
2025-09-28 22:42:29.823,110302.9,0.012,True
2025-09-28 22:42:29.824,110302.9,0.05892,True
2025-09-28 22:42:30.352,110302.9,8e-05,True
2025-09-28 22:42:30.399,110302.9,0.00212,True
2025-09-28 22:42:30.487,110302.9,5e-05,True
2025-09-28 22:42:30.688,110302.9,9e-05,True
2025-09-28 22:42:31.022,110302.9,7e-05,True
2025-09-28 22:42:32.236,110302.91,0.0032,False
2025-09-28 22:42:32.293,110302.91,9e-05,False
2025-09-28 22:42:33.210,110302.9,0.01354,True
2025-09-28 22:42:33.222,110302.9,0.00016,True
2025-09-28 22:42:33.686,110302.9,0.00696,True
2025-09-28 22:42:34.114,110302.9,0.00108,True
2025-09-28 22:42:34.184,110302.9,0.00513,True
2025-09-28 22:42:34.442,110302.9,0.00044,True
2025-09-28 22:42:34.779,110302.9,0.012,True
2025-09-28 22:42:34.781,110302.9,0.012,True
2025-09-28 22:42:34.809,110302.9,0.02,True
2025-09-28 22:42:34.849,110302.9,0.004,True
2025-09-28 22:42:35.155,110302.91,0.00757,False
2025-09-28 22:42:35.407,110302.9,0.012,True
2025-09-28 22:42:35.407,110302.9,0.012,True
2025-09-28 22:42:35.434,110302.9,0.004,True
2025-09-28 22:42:35.487,110302.9,0.02,True
2025-09-28 22:42:36.040,110302.91,0.0006,False
2025-09-28 22:42:36.323,110302.9,0.00044,True
2025-09-28 22:42:37.621,110302.9,0.0009,True
2025-09-28 22:42:37.864,110302.91,0.00601,False
2025-09-28 22:42:37.864,110302.91,0.00601,False
2025-09-28 22:42:37.864,110302.91,0.00601,False
2025-09-28 22:42:38.089,110302.9,0.00952,True
2025-09-28 22:42:39.233,110302.9,0.00181,True
2025-09-28 22:42:39.420,110302.9,0.004,True
2025-09-28 22:42:39.587,110302.9,0.0601,True
2025-09-28 22:42:40.352,110302.9,0.00025,True
2025-09-28 22:42:40.518,110302.91,5e-05,False
2025-09-28 22:42:40.683,110302.91,7e-05,False
2025-09-28 22:42:41.270,110302.91,0.0009,False
2025-09-28 22:42:41.347,110302.91,0.00448,False
2025-09-28 22:42:41.649,110302.9,0.001,True
2025-09-28 22:42:41.656,110302.9,0.001,True
2025-09-28 22:42:41.656,110302.9,0.00146,True
2025-09-28 22:42:41.657,110302.9,0.001,True
2025-09-28 22:42:43.442,110302.91,0.00022,False
2025-09-28 22:42:43.486,110302.91,0.00127,False
2025-09-28 22:42:43.614,110302.91,0.00054,False
2025-09-28 22:42:44.281,110302.9,0.00011,True
2025-09-28 22:42:44.577,110302.9,0.0167,True
2025-09-28 22:42:44.956,110302.91,0.00016,False
2025-09-28 22:42:45.087,110302.9,0.00014,True
2025-09-28 22:42:45.597,110302.9,0.0009,True
2025-09-28 22:42:45.691,110302.91,0.26756,False
2025-09-28 22:42:46.440,110302.91,0.00575,False
2025-09-28 22:42:46.501,110302.9,0.0136,True
2025-09-28 22:42:46.610,110302.91,0.00109,False
2025-09-28 22:42:46.659,110302.91,0.01814,False
2025-09-28 22:42:47.379,110302.9,0.00612,True
2025-09-28 22:42:47.570,110302.9,0.00059,True
2025-09-28 22:42:47.581,110302.91,0.00694,False
2025-09-28 22:42:47.587,110302.91,0.00025,False
2025-09-28 22:42:47.695,110302.9,0.00065,True
2025-09-28 22:42:48.083,110302.9,0.02,True
2025-09-28 22:42:48.526,110302.91,9e-05,False
2025-09-28 22:42:48.714,110302.9,0.00017,True
2025-09-28 22:42:49.414,110302.9,0.0026,True
2025-09-28 22:42:50.189,110302.91,0.00091,False
2025-09-28 22:42:50.212,110302.9,0.00035,True
2025-09-28 22:42:51.994,110302.9,8e-05,True
2025-09-28 22:42:52.229,110302.91,0.06102,False
2025-09-28 22:42:52.312,110302.91,9e-05,False
2025-09-28 22:42:52.679,110302.91,0.0005,False
2025-09-28 22:42:52.733,110302.9,0.00022,True
2025-09-28 22:42:53.021,110302.9,4e-05,True
2025-09-28 22:42:53.135,110302.9,0.00065,True
2025-09-28 22:42:53.317,110302.9,0.00051,True
2025-09-28 22:42:53.818,110302.9,0.00019,True
2025-09-28 22:42:54.941,110302.91,0.00091,False
2025-09-28 22:42:55.155,110302.9,0.00132,True
2025-09-28 22:42:55.172,110302.91,0.0077,False
2025-09-28 22:42:55.174,110302.91,0.65341,False
2025-09-28 22:42:55.174,110302.92,0.00604,False
2025-09-28 22:42:55.174,110302.93,0.0001,False
2025-09-28 22:42:55.174,110302.96,0.0001,False
2025-09-28 22:42:55.174,110302.99,0.0001,False
2025-09-28 22:42:55.174,110303.41,0.00015,False
2025-09-28 22:42:55.174,110303.42,0.0002,False
2025-09-28 22:42:55.174,110303.43,0.0001,False
2025-09-28 22:42:55.174,110304.02,0.00015,False
2025-09-28 22:42:55.175,110305.65,0.0018,False
2025-09-28 22:42:55.175,110305.66,0.0001,False
2025-09-28 22:42:55.175,110306.92,5e-05,False
2025-09-28 22:42:55.175,110308.55,0.15781,False
2025-09-28 22:42:55.177,110305.65,0.00015,False
2025-09-28 22:42:55.177,110305.66,0.00015,False
2025-09-28 22:42:55.177,110309.38,5e-05,False
2025-09-28 22:42:55.177,110309.44,0.00015,False
2025-09-28 22:42:55.177,110309.61,0.01009,False
2025-09-28 22:42:55.177,110309.62,0.0001,False
2025-09-28 22:42:55.177,110309.68,5e-05,False
2025-09-28 22:42:55.178,110309.61,0.0001,False
2025-09-28 22:42:55.183,110309.93,0.00015,False
2025-09-28 22:42:55.202,110309.94,0.00135,False
2025-09-28 22:42:55.202,110309.95,0.0005,False
2025-09-28 22:42:55.202,110309.99,0.0001,False
2025-09-28 22:42:55.202,110310.34,0.00015,False
2025-09-28 22:42:55.202,110310.51,0.00015,False
2025-09-28 22:42:55.315,110310.52,0.06399,False
2025-09-28 22:42:55.315,110310.53,0.0005,False
2025-09-28 22:42:55.315,110310.54,0.0001,False
2025-09-28 22:42:55.317,110310.53,0.0003,False
2025-09-28 22:42:55.317,110311.89,0.00015,False
2025-09-28 22:42:55.317,110312.14,5e-05,False
2025-09-28 22:42:55.317,110312.4,5e-05,False
2025-09-28 22:42:55.317,110312.96,5e-05,False
2025-09-28 22:42:55.317,110313.89,0.0001,False
2025-09-28 22:42:55.317,110313.94,0.00176,False
2025-09-28 22:42:55.317,110313.95,0.003,False
2025-09-28 22:42:55.317,110313.96,0.0001,False
2025-09-28 22:42:55.317,110314.11,5e-05,False
2025-09-28 22:42:55.317,110314.52,0.00018,False
2025-09-28 22:42:55.317,110314.72,0.00018,False
2025-09-28 22:42:55.317,110314.9,5e-05,False
2025-09-28 22:42:55.317,110314.99,0.0001,False
2025-09-28 22:42:55.317,110315.27,0.00015,False
2025-09-28 22:42:55.317,110315.42,0.00268,False
2025-09-28 22:42:55.372,110315.84,0.0024,False
2025-09-28 22:42:55.372,110315.85,0.0006,False
2025-09-28 22:42:55.435,110316.02,0.0008,False
2025-09-28 22:42:55.515,110316.02,0.10874,False
2025-09-28 22:42:55.515,110316.03,0.0006,False
2025-09-28 22:42:55.515,110316.24,5e-05,False
2025-09-28 22:42:55.515,110316.67,0.0001,False
2025-09-28 22:42:55.515,110317.66,5e-05,False
2025-09-28 22:42:55.515,110317.88,5e-05,False
2025-09-28 22:42:55.515,110319.52,5e-05,False
2025-09-28 22:42:55.515,110319.57,0.0001,False
2025-09-28 22:42:55.515,110319.99,0.0001,False
2025-09-28 22:42:55.515,110320.0,5e-05,False
2025-09-28 22:42:55.515,110320.02,0.00018,False
2025-09-28 22:42:55.515,110320.27,0.00015,False
2025-09-28 22:42:55.515,110320.41,5e-05,False
2025-09-28 22:42:55.515,110320.56,0.00018,False
2025-09-28 22:42:55.515,110320.94,0.00166,False
2025-09-28 22:42:55.515,110321.22,5e-05,False
2025-09-28 22:42:55.515,110321.52,0.00045,False
2025-09-28 22:42:55.515,110321.6,0.0001,False
2025-09-28 22:42:55.515,110321.88,0.00015,False
2025-09-28 22:42:55.515,110322.0,0.0005,False
2025-09-28 22:42:55.515,110322.32,5e-05,False
2025-09-28 22:42:55.515,110322.56,0.00058,False
2025-09-28 22:42:55.515,110322.8,5e-05,False
2025-09-28 22:42:55.515,110323.0,0.0005,False
2025-09-28 22:42:55.515,110323.17,5e-05,False
2025-09-28 22:42:55.515,110323.36,0.0001,False
2025-09-28 22:42:55.515,110323.88,0.00031,False
2025-09-28 22:42:55.515,110324.0,0.0005,False
2025-09-28 22:42:55.515,110324.06,0.00131,False
2025-09-28 22:42:55.515,110324.07,0.00015,False
2025-09-28 22:42:55.860,110324.07,0.00059,True
2025-09-28 22:42:56.190,110324.07,0.00266,True
2025-09-28 22:42:56.574,110324.07,0.00025,True
2025-09-28 22:42:56.588,110324.07,0.0003,True
2025-09-28 22:42:57.609,110324.07,0.00045,True
2025-09-28 22:42:58.007,110324.07,0.24268,True
2025-09-28 22:42:58.043,110324.07,0.0956,True
2025-09-28 22:42:58.075,110324.07,0.0946,True
2025-09-28 22:42:58.100,110324.07,0.02,True
2025-09-28 22:42:58.105,110324.07,0.0469,True
2025-09-28 22:42:58.107,110324.07,0.02175,True
2025-09-28 22:42:58.107,110324.06,0.0001,True
2025-09-28 22:42:58.107,110323.36,5e-05,True
2025-09-28 22:42:58.107,110323.25,0.0001,True
2025-09-28 22:42:58.107,110322.94,0.00015,True
2025-09-28 22:42:58.107,110322.88,5e-05,True
2025-09-28 22:42:58.107,110320.0,5e-05,True
2025-09-28 22:42:58.107,110319.78,0.00195,True
2025-09-28 22:42:58.107,110319.77,0.0001,True
2025-09-28 22:42:58.107,110319.59,5e-05,True
2025-09-28 22:42:58.107,110319.0,0.00015,True
2025-09-28 22:42:58.107,110318.57,0.00015,True
2025-09-28 22:42:58.632,110318.56,0.00353,True
2025-09-28 22:42:59.205,110318.56,0.00054,True
2025-09-28 22:42:59.690,110318.56,0.00997,True
2025-09-28 22:43:00.072,110318.56,0.00333,True
2025-09-28 22:43:00.072,110318.56,0.00079,True
2025-09-28 22:43:00.072,110318.56,0.00333,True
2025-09-28 22:43:00.072,110318.56,0.00079,True
2025-09-28 22:43:00.072,110318.56,0.00333,True
2025-09-28 22:43:00.072,110318.56,0.00333,True
2025-09-28 22:43:00.072,110318.56,0.00079,True
2025-09-28 22:43:00.072,110318.56,0.00333,True
2025-09-28 22:43:00.072,110318.56,0.00079,True
2025-09-28 22:43:00.072,110318.56,0.00079,True
2025-09-28 22:43:00.072,110318.56,0.00079,True
2025-09-28 22:43:00.073,110318.56,0.00079,True
2025-09-28 22:43:00.073,110318.56,0.00079,True
2025-09-28 22:43:00.073,110318.56,0.00333,True
2025-09-28 22:43:00.073,110318.56,0.00079,True
2025-09-28 22:43:00.073,110318.56,0.00333,True
2025-09-28 22:43:00.073,110318.56,0.00079,True
2025-09-28 22:43:00.073,110318.56,0.00079,True
2025-09-28 22:43:00.073,110318.56,0.00079,True
2025-09-28 22:43:00.073,110318.56,0.00333,True
2025-09-28 22:43:00.073,110318.56,0.00079,True
2025-09-28 22:43:00.073,110318.56,0.00079,True
2025-09-28 22:43:00.073,110318.56,0.00079,True
2025-09-28 22:43:00.073,110318.56,0.00079,True
2025-09-28 22:43:00.073,110318.56,0.00079,True
2025-09-28 22:43:00.073,110318.56,0.00333,True
2025-09-28 22:43:00.073,110318.56,0.00079,True
2025-09-28 22:43:00.075,110318.56,0.00116,True
2025-09-28 22:43:00.076,110318.56,0.00116,True
2025-09-28 22:43:00.077,110318.56,0.00135,True
2025-09-28 22:43:00.077,110318.56,0.00109,True
2025-09-28 22:43:00.077,110318.56,0.00151,True
2025-09-28 22:43:00.081,110318.56,0.02796,True
2025-09-28 22:43:00.084,110318.56,0.00208,True
2025-09-28 22:43:00.084,110318.55,0.0002,True
2025-09-28 22:43:00.084,110318.54,0.0001,True
2025-09-28 22:43:00.084,110317.88,5e-05,True
2025-09-28 22:43:00.084,110316.01,0.00015,True
2025-09-28 22:43:00.084,110314.99,0.0001,True
2025-09-28 22:43:00.084,110314.91,5e-05,True
2025-09-28 22:43:00.084,110313.35,0.0001,True
2025-09-28 22:43:00.084,110313.04,0.00016,True
2025-09-28 22:43:00.084,110313.03,0.00315,True
2025-09-28 22:43:00.084,110313.02,0.0001,True
2025-09-28 22:43:00.084,110312.4,5e-05,True
2025-09-28 22:43:00.084,110312.34,0.00629,True
2025-09-28 22:43:00.084,110312.34,0.00629,True
2025-09-28 22:43:00.084,110312.34,0.00629,True
2025-09-28 22:43:00.085,110312.34,5e-05,True
2025-09-28 22:43:00.122,110312.33,0.02,True
2025-09-28 22:43:00.183,110312.33,0.06172,True
2025-09-28 22:43:00.186,110312.33,0.06172,True
2025-09-28 22:43:00.292,110312.34,0.00089,False
2025-09-28 22:43:00.309,110312.33,0.00083,True
2025-09-28 22:43:00.402,110312.33,0.00697,True
2025-09-28 22:43:00.465,110312.33,9e-05,True
2025-09-28 22:43:00.995,110312.33,0.00164,True
2025-09-28 22:43:01.016,110312.34,0.00273,False
2025-09-28 22:43:01.371,110312.33,0.00179,True
2025-09-28 22:43:01.402,110312.33,7e-05,True
2025-09-28 22:43:01.889,110312.33,0.00068,True
2025-09-28 22:43:02.594,110312.34,0.00011,False
2025-09-28 22:43:03.162,110312.33,0.00091,True
2025-09-28 22:43:03.532,110312.34,0.0001,False
2025-09-28 22:43:04.378,110312.34,0.00024,False
2025-09-28 22:43:04.715,110312.34,0.04567,False
2025-09-28 22:43:04.715,110312.35,0.00065,False
2025-09-28 22:43:04.715,110312.36,0.0001,False
2025-09-28 22:43:04.715,110312.42,0.0001,False
2025-09-28 22:43:04.715,110313.02,5e-05,False
2025-09-28 22:43:04.715,110313.45,0.00015,False
2025-09-28 22:43:04.715,110315.47,0.0001,False
2025-09-28 22:43:04.715,110317.39,5e-05,False
2025-09-28 22:43:04.715,110317.66,5e-05,False
2025-09-28 22:43:04.715,110317.88,5e-05,False
2025-09-28 22:43:04.715,110318.0,0.0102,False
2025-09-28 22:43:04.715,110318.01,0.0001,False
2025-09-28 22:43:04.715,110318.49,0.0003,False
2025-09-28 22:43:04.715,110318.56,0.00015,False
2025-09-28 22:43:04.715,110318.57,0.09291,False
2025-09-28 22:43:04.715,110318.76,0.0001,False
2025-09-28 22:43:04.715,110319.29,0.01019,False
2025-09-28 22:43:04.715,110319.52,5e-05,False
2025-09-28 22:43:04.715,110319.99,0.0001,False
2025-09-28 22:43:04.715,110320.0,5e-05,False
2025-09-28 22:43:04.715,110320.97,5e-05,False
2025-09-28 22:43:04.715,110321.47,5e-05,False
2025-09-28 22:43:04.715,110321.62,0.0002,False
2025-09-28 22:43:04.715,110322.72,0.0018,False
2025-09-28 22:43:04.715,110322.8,5e-05,False
2025-09-28 22:43:04.715,110323.36,0.0001,False
2025-09-28 22:43:04.715,110323.38,5e-05,False
2025-09-28 22:43:04.715,110324.07,0.00106,False
2025-09-28 22:43:05.285,110324.07,0.00091,True
2025-09-28 22:43:05.514,110324.07,0.00718,True
2025-09-28 22:43:05.889,110324.07,0.045,True
2025-09-28 22:43:06.404,110324.08,0.00058,False
2025-09-28 22:43:06.690,110324.08,0.0006,False
2025-09-28 22:43:07.026,110324.07,0.01319,True
2025-09-28 22:43:07.058,110324.07,0.00013,True
2025-09-28 22:43:07.080,110324.08,0.00031,False
2025-09-28 22:43:07.489,110324.08,0.00045,False
2025-09-28 22:43:07.567,110324.07,0.0002,True
2025-09-28 22:43:07.579,110324.07,0.00042,True
2025-09-28 22:43:10.577,110324.07,6e-05,True
2025-09-28 22:43:10.811,110324.07,0.0006,True
2025-09-28 22:43:11.120,110324.08,0.05778,False
2025-09-28 22:43:11.120,110324.09,0.00065,False
2025-09-28 22:43:11.120,110324.1,0.0001,False
2025-09-28 22:43:11.120,110324.99,0.0001,False
2025-09-28 22:43:11.120,110325.0,0.0006,False
2025-09-28 22:43:11.120,110325.01,0.0001,False
2025-09-28 22:43:11.120,110325.11,0.00015,False
2025-09-28 22:43:11.120,110325.23,0.00015,False
2025-09-28 22:43:11.120,110325.24,0.15779,False
2025-09-28 22:43:11.120,110325.25,0.00259,False
2025-09-28 22:43:11.120,110325.26,0.0001,False
2025-09-28 22:43:11.120,110325.52,5e-05,False
2025-09-28 22:43:11.120,110325.72,0.00025,False
2025-09-28 22:43:11.120,110326.0,0.0005,False
2025-09-28 22:43:11.120,110326.08,5e-05,False
2025-09-28 22:43:11.120,110326.15,5e-05,False
2025-09-28 22:43:11.120,110327.0,0.00062,False
2025-09-28 22:43:11.122,110328.0,0.00062,False
2025-09-28 22:43:11.122,110328.34,5e-05,False
2025-09-28 22:43:11.122,110328.69,5e-05,False
2025-09-28 22:43:11.122,110328.79,7e-05,False
2025-09-28 22:43:11.122,110328.84,5e-05,False
2025-09-28 22:43:11.122,110329.0,0.00062,False
2025-09-28 22:43:11.122,110329.36,5e-05,False
2025-09-28 22:43:11.122,110329.37,0.00015,False
2025-09-28 22:43:11.122,110329.99,0.0001,False
2025-09-28 22:43:11.122,110330.0,0.00062,False
2025-09-28 22:43:11.122,110330.1,0.00015,False
2025-09-28 22:43:11.122,110330.21,0.00315,False
2025-09-28 22:43:11.122,110330.47,5e-05,False
2025-09-28 22:43:11.122,110330.7,0.0025,False
2025-09-28 22:43:11.122,110330.87,7e-05,False
2025-09-28 22:43:11.124,110331.0,5e-05,False
2025-09-28 22:43:11.161,110331.0,0.00904,False
2025-09-28 22:43:11.161,110331.01,0.0004,False
2025-09-28 22:43:11.161,110331.13,0.00131,False
2025-09-28 22:43:11.161,110331.28,0.00025,False
2025-09-28 22:43:11.161,110331.37,0.0004,False
2025-09-28 22:43:11.163,110332.0,0.01917,False
2025-09-28 22:43:11.164,110332.0,0.01562,False
2025-09-28 22:43:11.164,110332.0,0.01562,False
2025-09-28 22:43:11.164,110332.0,0.01562,False
2025-09-28 22:43:11.164,110332.0,0.0005,False
2025-09-28 22:43:11.164,110332.01,0.0004,False
2025-09-28 22:43:11.164,110332.09,0.0004,False
2025-09-28 22:43:11.164,110332.19,5e-05,False
2025-09-28 22:43:11.164,110332.24,0.00015,False
2025-09-28 22:43:11.164,110332.36,0.00092,False
2025-09-28 22:43:11.164,110332.39,0.00015,False
2025-09-28 22:43:11.164,110332.64,5e-05,False
2025-09-28 22:43:11.164,110333.0,0.00062,False
2025-09-28 22:43:11.164,110333.37,0.00015,False
2025-09-28 22:43:11.164,110333.38,0.00015,False
2025-09-28 22:43:11.164,110334.0,0.00062,False
2025-09-28 22:43:11.164,110334.13,0.00617,False
2025-09-28 22:43:11.164,110334.32,5e-05,False
2025-09-28 22:43:11.164,110334.99,0.0001,False
2025-09-28 22:43:11.164,110335.0,0.00062,False
2025-09-28 22:43:11.164,110335.11,0.00015,False
2025-09-28 22:43:11.164,110335.92,5e-05,False
2025-09-28 22:43:11.164,110336.0,0.00062,False
2025-09-28 22:43:11.164,110336.96,5e-05,False
2025-09-28 22:43:11.164,110337.0,0.00062,False
2025-09-28 22:43:11.164,110337.16,0.00069,False
2025-09-28 22:43:11.164,110337.22,0.00234,False
2025-09-28 22:43:11.930,110337.22,0.00033,False
2025-09-28 22:43:12.142,110337.22,0.04915,False
2025-09-28 22:43:12.142,110337.23,0.00045,False
2025-09-28 22:43:12.142,110337.24,0.0001,False
2025-09-28 22:43:12.142,110338.0,0.00072,False
2025-09-28 22:43:12.142,110338.01,0.0001,False
2025-09-28 22:43:12.142,110339.0,0.00062,False
2025-09-28 22:43:12.142,110339.01,0.0001,False
2025-09-28 22:43:12.142,110339.1,0.00015,False
2025-09-28 22:43:12.142,110339.2,5e-05,False
2025-09-28 22:43:12.142,110339.29,5e-05,False
2025-09-28 22:43:12.142,110339.72,5e-05,False
2025-09-28 22:43:12.142,110339.8,5e-05,False
2025-09-28 22:43:12.142,110339.99,0.00025,False
2025-09-28 22:43:12.142,110340.0,0.01905,False
2025-09-28 22:43:12.142,110340.01,0.0001,False
2025-09-28 22:43:12.142,110341.0,0.00062,False
2025-09-28 22:43:12.142,110341.15,0.00015,False
2025-09-28 22:43:12.142,110341.19,0.00018,False
2025-09-28 22:43:12.142,110341.32,0.00015,False
2025-09-28 22:43:12.142,110341.47,5e-05,False
2025-09-28 22:43:12.142,110342.0,0.00062,False
2025-09-28 22:43:12.142,110342.03,0.00165,False
2025-09-28 22:43:12.142,110342.17,0.00015,False
2025-09-28 22:43:12.142,110342.48,0.0001,False
2025-09-28 22:43:12.142,110342.51,5e-05,False
2025-09-28 22:43:12.142,110342.64,0.00018,False
2025-09-28 22:43:12.142,110342.99,0.00015,False
2025-09-28 22:43:12.142,110343.0,0.09064,False
2025-09-28 22:43:12.142,110343.05,0.00015,False
2025-09-28 22:43:12.142,110343.06,0.00035,False
2025-09-28 22:43:12.142,110343.19,0.00058,False
2025-09-28 22:43:12.142,110343.63,0.0001,False
2025-09-28 22:43:12.142,110343.86,0.00022,False
2025-09-28 22:43:12.142,110344.0,0.00062,False
2025-09-28 22:43:12.142,110344.03,0.00999,False
2025-09-28 22:43:12.142,110344.17,0.00031,False
2025-09-28 22:43:12.142,110344.5,0.00015,False
2025-09-28 22:43:12.142,110344.68,0.0018,False
2025-09-28 22:43:12.142,110344.69,0.00131,False
2025-09-28 22:43:12.142,110344.99,0.0001,False
2025-09-28 22:43:12.142,110345.0,0.00062,False
2025-09-28 22:43:12.142,110345.01,0.0001,False
2025-09-28 22:43:12.142,110345.24,5e-05,False
2025-09-28 22:43:12.142,110345.28,5e-05,False
2025-09-28 22:43:12.142,110345.76,5e-05,False
2025-09-28 22:43:12.142,110346.0,0.00062,False
2025-09-28 22:43:12.142,110346.17,0.00092,False
2025-09-28 22:43:12.142,110347.0,0.00062,False
2025-09-28 22:43:12.142,110347.03,0.00196,False
2025-09-28 22:43:12.142,110347.55,0.00166,False
2025-09-28 22:43:12.142,110347.69,0.00617,False
2025-09-28 22:43:12.142,110348.0,0.00067,False
2025-09-28 22:43:12.142,110348.15,0.00018,False
2025-09-28 22:43:12.142,110348.52,5e-05,False
2025-09-28 22:43:12.142,110349.0,0.00062,False
2025-09-28 22:43:12.142,110349.04,5e-05,False
2025-09-28 22:43:12.142,110349.78,0.0001,False
2025-09-28 22:43:12.142,110349.99,0.0001,False
2025-09-28 22:43:12.142,110350.0,0.18205,False
2025-09-28 22:43:12.161,110349.99,0.00038,True
2025-09-28 22:43:12.252,110349.99,0.00013,True
2025-09-28 22:43:12.274,110349.99,0.00871,True
2025-09-28 22:43:12.794,110349.99,0.00015,True
2025-09-28 22:43:13.464,110349.99,0.10897,True
2025-09-28 22:43:13.493,110349.99,0.00025,True
2025-09-28 22:43:13.494,110350.0,0.00071,False
2025-09-28 22:43:14.243,110349.99,0.01647,True
2025-09-28 22:43:14.684,110350.0,0.0002,False
2025-09-28 22:43:16.512,110349.99,0.00033,True
2025-09-28 22:43:17.389,110350.0,0.00134,False
2025-09-28 22:43:17.829,110350.0,0.00078,False
2025-09-28 22:43:18.144,110350.0,0.0045,False
2025-09-28 22:43:19.328,110350.0,0.00235,False
2025-09-28 22:43:19.342,110350.0,0.00062,False
2025-09-28 22:43:20.195,110349.99,0.22692,True
2025-09-28 22:43:20.246,110349.99,0.14712,True
2025-09-28 22:43:20.281,110349.99,0.03465,True
2025-09-28 22:43:20.281,110349.98,0.001,True
2025-09-28 22:43:20.281,110349.97,0.0001,True
2025-09-28 22:43:20.281,110349.92,0.0001,True
2025-09-28 22:43:20.281,110349.15,5e-05,True
2025-09-28 22:43:20.281,110348.89,0.0001,True
2025-09-28 22:43:20.281,110348.74,0.0001,True
2025-09-28 22:43:20.281,110346.09,0.00015,True
2025-09-28 22:43:20.281,110346.08,0.0002,True
2025-09-28 22:43:20.284,110346.07,0.0018,True
2025-09-28 22:43:20.284,110346.06,0.00095,True
2025-09-28 22:43:20.284,110345.93,0.0001,True
2025-09-28 22:43:20.284,110345.92,0.0001,True
2025-09-28 22:43:20.284,110345.86,5e-05,True
2025-09-28 22:43:20.284,110345.28,5e-05,True
2025-09-28 22:43:20.284,110344.99,0.0001,True
2025-09-28 22:43:20.284,110344.47,5e-05,True
2025-09-28 22:43:20.284,110344.0,0.00015,True
2025-09-28 22:43:20.284,110343.6,0.00204,True
2025-09-28 22:43:20.284,110343.59,0.0001,True
2025-09-28 22:43:20.284,110342.51,0.00015,True
2025-09-28 22:43:20.284,110342.48,5e-05,True
2025-09-28 22:43:20.284,110342.23,0.01009,True
2025-09-28 22:43:20.284,110341.79,0.00015,True
2025-09-28 22:43:20.339,110340.0,0.1442,True
2025-09-28 22:43:20.391,110340.0,0.12193,True
2025-09-28 22:43:20.409,110340.0,0.00836,True
2025-09-28 22:43:20.409,110339.99,0.0008,True
2025-09-28 22:43:20.409,110339.98,0.0001,True
2025-09-28 22:43:20.409,110339.8,5e-05,True
2025-09-28 22:43:20.409,110339.0,0.00015,True
2025-09-28 22:43:20.409,110338.95,0.00325,True
2025-09-28 22:43:20.409,110338.94,5e-05,True
2025-09-28 22:43:20.409,110338.94,5e-05,True
2025-09-28 22:43:20.409,110337.44,0.00015,True
2025-09-28 22:43:20.418,110337.43,0.0012,True
2025-09-28 22:43:20.418,110337.42,0.00057,True
2025-09-28 22:43:20.421,110337.42,0.00048,True
2025-09-28 22:43:20.450,110337.42,0.0017,True
2025-09-28 22:43:20.450,110337.41,0.0014,True
2025-09-28 22:43:20.450,110337.4,0.0006,True
2025-09-28 22:43:20.450,110335.56,0.00101,True
2025-09-28 22:43:20.450,110335.55,0.0001,True
2025-09-28 22:43:20.450,110335.06,0.0001,True
2025-09-28 22:43:20.450,110334.99,0.0001,True
2025-09-28 22:43:20.450,110334.92,5e-05,True
2025-09-28 22:43:21.616,110334.59,0.00331,True
2025-09-28 22:43:21.616,110334.58,0.00095,True
2025-09-28 22:43:21.616,110334.57,0.0001,True
2025-09-28 22:43:21.616,110334.48,5e-05,True
2025-09-28 22:43:21.616,110334.32,5e-05,True
2025-09-28 22:43:21.616,110332.94,0.00101,True
2025-09-28 22:43:21.616,110332.93,0.0001,True
2025-09-28 22:43:21.617,110332.64,5e-05,True
2025-09-28 22:43:21.617,110332.08,0.0004,True
2025-09-28 22:43:21.617,110332.07,0.0001,True
2025-09-28 22:43:21.617,110331.96,0.0001,True
2025-09-28 22:43:21.617,110331.63,5e-05,True
2025-09-28 22:43:21.617,110331.0,0.0005,True
2025-09-28 22:43:21.617,110330.99,0.0001,True
2025-09-28 22:43:21.617,110330.34,0.00015,True
2025-09-28 22:43:21.617,110330.0,0.0005,True
2025-09-28 22:43:21.617,110329.99,0.0001,True
2025-09-28 22:43:21.617,110329.0,0.0005,True
2025-09-28 22:43:21.617,110328.84,5e-05,True
2025-09-28 22:43:21.617,110328.78,0.00022,True
2025-09-28 22:43:21.617,110328.7,5e-05,True
2025-09-28 22:43:21.617,110328.24,0.00015,True
2025-09-28 22:43:22.079,110328.24,0.00063,False
2025-09-28 22:43:22.510,110328.23,0.00092,True
2025-09-28 22:43:22.533,110328.24,0.00091,False
2025-09-28 22:43:22.570,110328.23,0.00047,True
2025-09-28 22:43:22.580,110328.23,0.01116,True
2025-09-28 22:43:23.382,110328.23,0.03049,True
2025-09-28 22:43:25.095,110328.24,0.00024,False
2025-09-28 22:43:25.152,110328.23,0.00234,True
2025-09-28 22:43:25.255,110328.23,0.00062,True
2025-09-28 22:43:25.418,110328.24,0.00323,False
2025-09-28 22:43:25.477,110328.23,0.00396,True
2025-09-28 22:43:25.480,110328.24,0.0001,False
2025-09-28 22:43:26.300,110328.23,0.00282,True
2025-09-28 22:43:26.300,110328.22,0.00245,True
2025-09-28 22:43:26.300,110328.21,0.0001,True
2025-09-28 22:43:26.300,110328.0,0.0006,True
2025-09-28 22:43:26.300,110327.99,0.0001,True
2025-09-28 22:43:26.300,110327.16,0.00015,True
2025-09-28 22:43:26.300,110327.0,0.0005,True
2025-09-28 22:43:26.300,110326.99,0.0001,True
2025-09-28 22:43:26.304,110326.69,0.0009,False
2025-09-28 22:43:26.308,110326.69,0.01506,False
2025-09-28 22:43:26.315,110326.68,0.0013,True
2025-09-28 22:43:26.315,110326.67,0.0012,True
2025-09-28 22:43:26.315,110326.66,0.0001,True
2025-09-28 22:43:26.315,110326.17,0.0031,True
2025-09-28 22:43:26.315,110326.16,0.00015,True
2025-09-28 22:43:26.315,110326.08,5e-05,True
2025-09-28 22:43:26.315,110326.0,0.0005,True
2025-09-28 22:43:26.315,110325.99,0.0001,True
2025-09-28 22:43:26.315,110325.15,0.00015,True
2025-09-28 22:43:26.315,110325.07,5e-05,True
2025-09-28 22:43:26.315,110325.0,0.0005,True
2025-09-28 22:43:26.315,110324.99,0.0001,True
2025-09-28 22:43:26.315,110324.92,0.0003,True
2025-09-28 22:43:26.315,110324.16,0.0018,True
2025-09-28 22:43:26.315,110324.0,0.0005,True
2025-09-28 22:43:26.315,110323.36,5e-05,True
2025-09-28 22:43:26.315,110323.18,5e-05,True
2025-09-28 22:43:26.315,110323.0,0.0005,True
2025-09-28 22:43:26.315,110322.8,5e-05,True
2025-09-28 22:43:26.315,110322.71,5e-05,True
2025-09-28 22:43:26.315,110322.0,0.0005,True
2025-09-28 22:43:26.315,110321.99,0.0001,True
2025-09-28 22:43:26.315,110321.98,0.0001,True
2025-09-28 22:43:26.315,110321.97,0.0001,True
2025-09-28 22:43:26.315,110321.95,5e-05,True
2025-09-28 22:43:26.315,110321.46,0.00015,True
2025-09-28 22:43:26.315,110321.0,0.00048,True
2025-09-28 22:43:26.315,110321.0,2e-05,True
2025-09-28 22:43:26.315,110320.88,0.00013,True
2025-09-28 22:43:26.315,110320.42,0.01193,True
2025-09-28 22:43:26.315,110320.42,0.01208,True
2025-09-28 22:43:26.316,110320.42,0.01208,True
2025-09-28 22:43:26.352,110320.42,0.012,True
2025-09-28 22:43:26.353,110320.42,0.012,True
2025-09-28 22:43:26.372,110320.42,0.00069,True
2025-09-28 22:43:26.444,110320.42,0.00194,True
2025-09-28 22:43:26.444,110320.41,0.001,True
2025-09-28 22:43:26.444,110320.4,0.0001,True
2025-09-28 22:43:26.444,110320.0,0.00065,True
2025-09-28 22:43:26.444,110319.99,0.0002,True
2025-09-28 22:43:26.444,110319.66,0.00015,True
2025-09-28 22:43:26.444,110319.65,0.0001,True
2025-09-28 22:43:26.444,110319.52,5e-05,True
2025-09-28 22:43:26.468,110319.39,0.00155,True
2025-09-28 22:43:26.515,110319.38,0.0023,True
2025-09-28 22:43:26.515,110319.37,0.001,True
2025-09-28 22:43:26.515,110319.36,0.0001,True
2025-09-28 22:43:26.515,110319.0,0.0006,True
2025-09-28 22:43:26.515,110318.99,0.0001,True
2025-09-28 22:43:26.515,110318.0,0.0005,True
2025-09-28 22:43:26.515,110317.99,0.0001,True
2025-09-28 22:43:26.515,110317.88,5e-05,True
2025-09-28 22:43:26.515,110317.67,5e-05,True
2025-09-28 22:43:26.515,110317.66,5e-05,True
2025-09-28 22:43:26.515,110317.0,0.0005,True
2025-09-28 22:43:26.515,110316.99,0.0001,True
2025-09-28 22:43:26.515,110316.37,0.00015,True
2025-09-28 22:43:26.515,110316.36,0.00015,True
2025-09-28 22:43:26.627,110316.36,7e-05,False
2025-09-28 22:43:26.643,110316.36,0.00027,False
2025-09-28 22:43:26.711,110316.36,0.00062,False
2025-09-28 22:43:27.128,110316.35,0.00145,True
2025-09-28 22:43:27.128,110316.34,0.00095,True
2025-09-28 22:43:27.128,110316.33,0.0001,True
2025-09-28 22:43:27.128,110316.24,5e-05,True
2025-09-28 22:43:27.128,110316.0,0.0006,True
2025-09-28 22:43:27.128,110315.99,0.0001,True
2025-09-28 22:43:27.128,110315.44,5e-05,True
2025-09-28 22:43:27.128,110315.44,0.0001,True
2025-09-28 22:43:27.128,110315.22,5e-05,True
2025-09-28 22:43:27.128,110315.16,0.00015,True
2025-09-28 22:43:27.894,110315.16,0.00169,False
2025-09-28 22:43:28.027,110315.16,0.00093,False
2025-09-28 22:43:28.509,110315.15,0.02549,True
2025-09-28 22:43:28.511,110315.16,0.00843,False
2025-09-28 22:43:28.511,110315.15,0.02077,True
2025-09-28 22:43:28.511,110315.14,0.00065,True
2025-09-28 22:43:28.511,110315.13,0.00015,True
2025-09-28 22:43:28.511,110315.0,0.0006,True
2025-09-28 22:43:28.511,110314.99,0.0002,True
2025-09-28 22:43:28.511,110314.66,0.0001,True
2025-09-28 22:43:28.511,110314.27,0.00015,True
2025-09-28 22:43:28.511,110314.0,0.0005,True
2025-09-28 22:43:28.511,110313.99,0.0001,True
2025-09-28 22:43:28.511,110313.39,0.00015,True
2025-09-28 22:43:28.511,110313.03,5e-05,True
2025-09-28 22:43:28.511,110313.0,0.0005,True
2025-09-28 22:43:28.511,110312.99,0.0001,True
2025-09-28 22:43:28.511,110312.96,5e-05,True
2025-09-28 22:43:28.511,110312.4,5e-05,True
2025-09-28 22:43:28.511,110312.15,5e-05,True
2025-09-28 22:43:28.511,110312.0,0.0005,True
2025-09-28 22:43:28.511,110311.93,5e-05,True
2025-09-28 22:43:28.511,110311.46,0.00015,True
2025-09-28 22:43:28.511,110311.0,0.0005,True
2025-09-28 22:43:28.511,110310.84,5e-05,True
2025-09-28 22:43:28.511,110310.83,5e-05,True
2025-09-28 22:43:28.511,110310.65,0.00153,True
2025-09-28 22:43:28.511,110310.65,0.00027,True
2025-09-28 22:43:28.935,110310.64,0.012,True
2025-09-28 22:43:28.935,110310.64,0.012,True
2025-09-28 22:43:29.491,110310.65,0.00103,False
2025-09-28 22:43:31.010,110310.65,0.00091,False
2025-09-28 22:43:31.611,110310.64,0.0048,True
2025-09-28 22:43:31.933,110310.65,0.00037,False
2025-09-28 22:43:32.589,110310.64,0.02173,True
2025-09-28 22:43:33.050,110310.64,5e-05,True
2025-09-28 22:43:34.046,110310.64,0.00167,True
2025-09-28 22:43:34.047,110310.64,0.00194,True
2025-09-28 22:43:34.081,110310.65,0.00451,False
2025-09-28 22:43:34.201,110310.65,0.00043,False
2025-09-28 22:43:35.004,110310.64,0.012,True
2025-09-28 22:43:35.006,110310.64,0.012,True
2025-09-28 22:43:35.149,110310.64,5e-05,True
2025-09-28 22:43:36.577,110310.65,0.00065,False
2025-09-28 22:43:36.805,110310.65,0.00022,False
2025-09-28 22:43:37.290,110310.65,0.00202,False
2025-09-28 22:43:37.422,110310.65,0.00045,False
2025-09-28 22:43:37.741,110310.65,0.00054,False
2025-09-28 22:43:38.763,110310.64,0.00024,True
2025-09-28 22:43:39.195,110310.64,5e-05,True
2025-09-28 22:43:39.297,110310.64,5e-05,True
2025-09-28 22:43:39.395,110310.65,0.00103,False
2025-09-28 22:43:39.438,110310.64,5e-05,True
2025-09-28 22:43:39.449,110310.64,5e-05,True
2025-09-28 22:43:39.449,110310.64,5e-05,True
2025-09-28 22:43:39.570,110310.65,0.00048,False
2025-09-28 22:43:40.301,110310.64,0.5,True
2025-09-28 22:43:40.308,110310.64,0.012,True
2025-09-28 22:43:40.309,110310.64,0.012,True
2025-09-28 22:43:40.371,110310.64,0.00432,True
2025-09-28 22:43:40.371,110310.63,0.00055,True
2025-09-28 22:43:40.371,110310.62,0.0001,True
2025-09-28 22:43:40.371,110310.29,0.00015,True
2025-09-28 22:43:40.371,110310.0,0.00166,True
2025-09-28 22:43:40.371,110309.99,0.0002,True
2025-09-28 22:43:40.371,110309.68,5e-05,True
2025-09-28 22:43:40.371,110309.54,0.00065,True
2025-09-28 22:43:40.371,110309.53,0.0001,True
2025-09-28 22:43:40.371,110309.0,0.0005,True
2025-09-28 22:43:40.371,110308.99,0.0001,True
2025-09-28 22:43:40.371,110308.65,5e-05,True
2025-09-28 22:43:40.371,110308.0,0.0005,True
2025-09-28 22:43:40.371,110307.55,5e-05,True
2025-09-28 22:43:40.371,110307.0,0.0005,True
2025-09-28 22:43:40.371,110306.92,5e-05,True
2025-09-28 22:43:40.371,110306.63,5e-05,True
2025-09-28 22:43:40.371,110306.4,5e-05,True
2025-09-28 22:43:40.371,110306.0,0.0005,True
2025-09-28 22:43:40.371,110305.69,0.00015,True
2025-09-28 22:43:40.435,110305.68,0.0009,True
2025-09-28 22:43:40.988,110305.69,0.01026,False
2025-09-28 22:43:41.018,110305.69,4e-05,False
2025-09-28 22:43:41.049,110305.68,0.012,True
2025-09-28 22:43:41.051,110305.68,0.012,True
2025-09-28 22:43:41.088,110305.68,0.0015,True
2025-09-28 22:43:41.188,110305.69,0.00306,False
2025-09-28 22:43:41.289,110305.68,0.001,True
2025-09-28 22:43:42.173,110305.68,6e-05,True
2025-09-28 22:43:42.196,110305.69,0.0001,False
2025-09-28 22:43:42.237,110305.68,0.0001,True
2025-09-28 22:43:42.891,110305.68,0.012,True
2025-09-28 22:43:42.892,110305.68,0.012,True
2025-09-28 22:43:42.901,110305.68,0.00566,True
2025-09-28 22:43:42.901,110305.67,0.0009,True
2025-09-28 22:43:42.901,110305.66,0.0001,True
2025-09-28 22:43:42.901,110305.17,0.0001,True
2025-09-28 22:43:42.901,110305.13,5e-05,True
2025-09-28 22:43:42.901,110305.0,0.0006,True
2025-09-28 22:43:42.901,110304.99,0.0002,True
2025-09-28 22:43:42.901,110304.31,0.0003,True
2025-09-28 22:43:42.901,110304.29,0.00015,True
2025-09-28 22:43:42.901,110304.28,0.01853,True
2025-09-28 22:43:42.901,110304.27,0.00015,True
2025-09-28 22:43:42.901,110304.16,0.00015,True
2025-09-28 22:43:43.045,110304.16,0.00054,False
2025-09-28 22:43:44.397,110304.15,0.00178,True
2025-09-28 22:43:44.631,110304.15,0.00087,True
2025-09-28 22:43:45.909,110304.16,0.00707,False
2025-09-28 22:43:46.029,110304.15,0.0005,True
2025-09-28 22:43:47.215,110304.16,0.00117,False
2025-09-28 22:43:47.245,110304.15,0.00034,True
2025-09-28 22:43:47.413,110304.16,9e-05,False
2025-09-28 22:43:48.755,110304.15,0.00091,True
2025-09-28 22:43:49.033,110304.16,0.0001,False
2025-09-28 22:43:49.049,110304.16,0.00054,False
2025-09-28 22:43:49.238,110304.16,0.00091,False
2025-09-28 22:43:49.727,110304.15,0.06,True
2025-09-28 22:43:50.414,110304.15,0.00015,True
2025-09-28 22:43:50.726,110304.15,0.00305,True
2025-09-28 22:43:51.596,110304.15,0.00079,True
2025-09-28 22:43:51.739,110304.15,0.0009,True
2025-09-28 22:43:52.265,110304.16,0.5007,False
2025-09-28 22:43:52.266,110304.16,0.09665,False
2025-09-28 22:43:52.266,110304.17,0.0006,False
2025-09-28 22:43:52.266,110304.18,0.0001,False
2025-09-28 22:43:52.266,110304.24,0.0001,False
2025-09-28 22:43:52.269,110305.01,0.00015,False
2025-09-28 22:43:52.269,110305.02,0.0005,False
2025-09-28 22:43:52.269,110305.03,0.0001,False
2025-09-28 22:43:52.269,110305.09,0.00015,False
2025-09-28 22:43:52.269,110305.1,0.0001,False
2025-09-28 22:43:52.269,110305.11,0.0001,False
2025-09-28 22:43:52.273,110305.81,0.00131,False
2025-09-28 22:43:52.276,110305.82,0.00075,False
2025-09-28 22:43:52.276,110306.16,0.00045,False
2025-09-28 22:43:52.276,110306.17,0.0001,False
2025-09-28 22:43:52.276,110306.45,5e-05,False
2025-09-28 22:43:52.276,110306.84,0.00015,False
2025-09-28 22:43:52.289,110306.84,0.00022,True
2025-09-28 22:43:52.294,110306.84,0.00177,True
2025-09-28 22:43:52.357,110306.85,0.00625,False
2025-09-28 22:43:52.361,110306.86,0.00155,False
2025-09-28 22:43:52.361,110306.87,0.00075,False
2025-09-28 22:43:52.361,110307.33,5e-05,False
2025-09-28 22:43:52.361,110309.66,0.00015,False
2025-09-28 22:43:52.361,110309.99,0.0001,False
2025-09-28 22:43:52.416,110310.26,0.00352,False
2025-09-28 22:43:52.416,110310.27,0.00065,False
2025-09-28 22:43:52.416,110310.28,0.0001,False
2025-09-28 22:43:52.416,110310.29,0.00018,False
2025-09-28 22:43:52.416,110310.85,0.00018,False
2025-09-28 22:43:52.416,110310.95,0.00015,False
2025-09-28 22:43:52.416,110312.14,5e-05,False
2025-09-28 22:43:52.416,110312.29,0.00068,False
2025-09-28 22:43:52.416,110312.3,0.0001,False
2025-09-28 22:43:52.416,110312.35,0.00045,False
2025-09-28 22:43:52.416,110312.36,0.0001,False
2025-09-28 22:43:52.416,110312.4,5e-05,False
2025-09-28 22:43:52.416,110312.95,0.00031,False
2025-09-28 22:43:52.416,110312.96,0.00015,False
2025-09-28 22:43:52.416,110313.79,0.00131,False
2025-09-28 22:43:52.416,110314.64,0.00019,False
2025-09-28 22:43:52.416,110314.9,5e-05,False
2025-09-28 22:43:52.416,110314.95,0.00092,False
2025-09-28 22:43:52.416,110314.99,0.0001,False
2025-09-28 22:43:52.416,110316.24,5e-05,False
2025-09-28 22:43:52.416,110316.79,0.00622,False
2025-09-28 22:43:52.416,110316.85,0.00181,False
2025-09-28 22:43:52.416,110317.66,5e-05,False
2025-09-28 22:43:52.416,110317.81,0.00015,False
2025-09-28 22:43:52.416,110317.88,0.0001,False
2025-09-28 22:43:52.416,110318.29,0.00332,False
2025-09-28 22:43:52.416,110318.3,0.00015,False
2025-09-28 22:43:52.416,110318.31,0.04192,False
2025-09-28 22:43:52.416,110318.81,0.0007,False
2025-09-28 22:43:52.416,110318.94,0.00015,False
2025-09-28 22:43:52.416,110319.21,0.01198,False
2025-09-28 22:43:52.416,110319.39,0.00128,False
2025-09-28 22:43:52.416,110319.48,0.0001,False
2025-09-28 22:43:52.416,110319.52,5e-05,False
2025-09-28 22:43:52.416,110319.58,0.00045,False
2025-09-28 22:43:52.416,110319.99,0.0001,False
2025-09-28 22:43:52.416,110320.0,0.00095,False
2025-09-28 22:43:52.416,110320.41,5e-05,False
2025-09-28 22:43:52.416,110320.98,5e-05,False
2025-09-28 22:43:52.416,110320.99,0.00015,False
2025-09-28 22:43:52.416,110321.06,0.00015,False
2025-09-28 22:43:52.416,110321.07,0.06374,False
2025-09-28 22:43:52.416,110321.39,0.00015,False
2025-09-28 22:43:53.357,110321.39,0.0046,True
2025-09-28 22:43:54.395,110321.39,5e-05,True
2025-09-28 22:43:54.943,110321.4,0.0001,False
2025-09-28 22:43:55.593,110321.4,0.0001,False
2025-09-28 22:43:55.617,110321.39,0.00208,True
2025-09-28 22:43:55.963,110321.4,0.0001,False
2025-09-28 22:43:56.667,110321.39,0.00109,True
2025-09-28 22:43:56.667,110321.39,0.00109,True
2025-09-28 22:43:56.668,110321.39,0.00109,True
2025-09-28 22:43:56.669,110321.39,0.00219,True
2025-09-28 22:43:56.669,110321.39,0.00244,True
